2958 4770
162 130 181 192 8
613 126 746 180 Emestus
765 125 874 180 Biclrel:

162 298 284 373 eiusque
303 296 390 356 sociis
409 296 552 373 indagata
571 313 692 354 excussa
713 296 832 353 conlata
850 297 923 369 sint,
947 298 981 353 ut
999 297 1106 354 classes
1126 295 1270 354 librorum
1289 297 1336 354 di-

163 389 255 446 versis
274 385 429 464 generibus
449 386 639 460 antiquorum
658 383 791 442 codicum
809 385 1029 459 responderent.
1057 404 1129 442 num
1142 387 1206 443 iure
1220 377 1333 465 docti¹)

164 476 345 550 archetypon
368 475 489 532 unicum
517 475 685 532 nostrorum
713 473 925 549 exemplarium
947 473 1081 532 Platonis
1108 473 1207 532 media
1234 476 1336 533 aetate

165 565 309 639 scriptum
327 563 489 638 posuerint,
508 561 709 636 quaerendum
728 563 779 620 est.

252 653 329 710 hanc
352 653 555 727 quaestionem
577 650 755 709 testimoniis
778 652 912 709 veterum
934 652 966 708 in
990 669 1108 710 censum
1126 653 1240 710 vocatis
1263 651 1334 709 diri-

164 760 243 800 mere
266 739 375 799 licebit.
414 759 473 815 qua
495 742 596 798 tamen
623 740 709 797 inre
732 741 818 797 caute
846 739 993 817 agendum
1016 741 1086 813 erit3
1111 758 1171 799 non
1194 740 1286 815 enim,
1309 740 1335 799 si

164 832 301 905 excerpta
324 831 502 905 scriptorum
525 829 654 903 propriis
682 827 857 887 lectionibus
885 830 996 887 scatere
1025 829 1258 887 demonstratum
1281 833 1335 907 est,

163 918 273 976 idcirco
288 920 404 977 nostros
419 916 509 976 libros
519 917 653 975 Platonis
668 936 703 975 ex
716 936 775 975 uno
790 918 951 993 archetypo
965 917 1080 975 mediae
1094 919 1202 977 aetatis
1217 918 1335 980 fluxisse

164 1005 330 1083 apparebit.
366 1006 508 1064 nimirum
530 1007 562 1063 in
585 1006 642 1063 hac
665 1005 836 1080 quaestione
856 1006 929 1062 utile
953 1009 997 1065 est
1022 1024 1056 1064 ea
1074 1007 1216 1065 memoria
1234 1010 1334 1068 tenere

164 1115 241 1171 quae
265 1097 388 1170 propter
405 1094 546 1152 Plautum
564 1093 624 1153 Leo
632 1084 657 1174 2)
677 1094 764 1151 dixit:
789 1088 837 1151 ‘zu
861 1095 1008 1153 erkennen
1028 1139 1078 1152 ...
1099 1094 1135 1153 ob
1159 1096 1224 1154 eine
1242 1083 1334 1157 liber·

164 1184 312 1261 lieferung
335 1183 506 1241 einheitlich
530 1183 600 1242 oder
622 1182 835 1260 mannigfaltig
856 1185 910 1257 ist,
933 1185 1010 1242 muis
1034 1202 1104 1242 man
1127 1184 1174 1241 die
1193 1171 1335 1245 liberem-

164 1271 327 1350 stimmung
354 1272 407 1330 der
435 1272 552 1348 Zeugen
580 1272 790 1345 untersuchen,
817 1272 900 1330 nicht
926 1272 991 1330 ihre
1014 1271 1254 1351 Abweiohungen
1276 1294 1336 1333 von

165 1355 326 1420 einander?
362 1363 397 1419 ut
416 1360 454 1419 ad
472 1359 691 1437 profligandam
709 1361 912 1435 quaestionem
932 1379 1008 1435 quae
1032 1360 1067 1419 de
1086 1361 1249 1437 archetypo
1267 1363 1336 1423 Pla-

164 1451 264 1509 tonico
292 1452 337 1508 est
363 1449 523 1508 inlustrare
549 1449 746 1508 necessarium
768 1449 900 1523 uidetur,
924 1449 1031 1524 quibus
1055 1451 1209 1526 scripturis
1232 1456 1337 1511 nostra

165 1539 346 1614 exemplaria
365 1538 551 1616 dialogorum
569 1538 648 1596 inter
666 1557 697 1596 se
716 1540 894 1615 congruant,
917 1538 961 1596 ita
979 1538 1170 1597 statuendum
1189 1542 1246 1597 erit
1264 1561 1336 1599 num

165 1627 245 1704 apud
281 1628 439 1703 scriptores
475 1628 615 1686 lectiones
648 1626 820 1685 Platonicae
853 1629 980 1703 speciem
1011 1628 1147 1686 veritatis
1181 1629 1336 1690 offerentes

165 1718 319 1792 nitoreque
339 1717 529 1792 antiquitatis
548 1715 734 1792 splendentes
754 1716 874 1774 obviam
891 1715 973 1789 fiant,
992 1734 1068 1791 quae
1088 1716 1202 1775 alibris
1223 1718 1274 1792 qui
1289 1739 1336 1777 ex-

130 1830 133 1835 ’
165 1808 232 1864 tant
249 1805 420 1882 philosophi
438 1804 573 1864 omnibus
594 1805 708 1863 alienae
727 1808 803 1863 sunt.
841 1806 898 1862 nisi
917 1807 1033 1864 nostros
1056 1805 1147 1864 libros
1166 1805 1337 1867 Platonicos

164 1894 247 1953 vitiis
266 1895 380 1952 lacunis
399 1893 602 1952 communibus
621 1893 756 1951 laborare
771 1894 923 1970 cognitum
941 1895 999 1952 erit
1017 1894 1233 1968 etestimoniis‚
1251 1898 1336 1954 testi·

165 1981 266 2041 monia
275 1981 366 2041 libros
376 1984 492 2042 nostros
503 1981 540 2041 ad
550 2002 642 2040 unum
651 1983 765 2040 fontem
773 1982 869 2041 redire
879 1984 991 2040 nemini
1000 1982 1176 2058 persuadere
1185 1987 1335 2059 poterunt.

253 2071 325 2129 haec
347 2070 405 2129 tibi
428 2071 465 2129 iis
491 2071 563 2130 locis
585 2073 653 2129 rata
677 2089 738 2130 esse
761 2071 864 2145 velim,
887 2069 939 2128 ubi
962 2071 1119 2146 scriptores
1139 2072 1176 2130 ab
1200 2073 1337 2133 omnibus

165 2159 344 2219 membranis
364 2159 525 2219 Platonicis
549 2158 715 2235 discrepare
733 2161 853 2236 reperis.
890 2159 952 2218 iarn
970 2179 1040 2218 vero
1059 2159 1097 2217 ad
1115 2161 1184 2220 illas
1202 2163 1337 2222 testimo-

165 2249 283 2307 niorum
301 2250 441 2308 lectiones
466 2249 631 2308 accedimus
655 2267 731 2324 quae
750 2250 782 2307 in
800 2248 925 2326 singulis
948 2248 1032 2307 libris
1051 2248 1214 2310 Platonicis
1233 2251 1281 2309 vel
1304 2252 1337 2309 in

166 2337 289 2396 familiis
318 2338 442 2414 singulis
471 2356 572 2396 eorum
599 2339 762 2396 recurrunt.
801 2337 907 2412 quibus
935 2338 1007 2396 locis
1033 2337 1133 2397 allatis
1157 2341 1337 2399 sententiam

165 2427 321 2504 vulgarem
335 2426 371 2484 de
385 2426 535 2485 communi
549 2426 683 2486 codicum
692 2426 915 2485 Platonicorum
929 2427 1091 2501 archetypo
1105 2446 1225 2503 prorsus
1239 2429 1337 2487 refelli

165 2534 250 2591 posse
278 2515 457 2590 sperandum
481 2518 532 2574 est.
570 2534 640 2574 nam
663 2534 698 2573 er
720 2515 899 2575 testimoniis
923 2534 972 2573 eas
995 2514 1129 2575 codicum
1152 2517 1336 2594 singulorum

165 2605 306 2663 lectiones
335 2604 373 2662 ad
400 2606 611 2681 antiquitatem
639 2603 795 2663 ascendere
823 2605 892 2662 sciri
919 2604 1030 2680 poterit
1055 2622 1128 2679 quas
1153 2605 1337 2679 reliquorum

165 2693 310 2752 librorum
328 2695 483 2768 scriptmis
501 2693 720 2769 posthabendas
740 2712 802 2752 esse
820 2695 932 2769 pateat.
963 2712 1021 2768 quo
1040 2694 1072 2750 in
1091 2713 1197 2770 genere
1215 2712 1336 2752 monen-

166 2782 237 2839 dum
255 2783 308 2857 est,
326 2780 378 2839 ubi
396 2781 503 2839 menda
526 2784 607 2840 certa
630 2782 815 2858 singulorum
838 2782 982 2840 librorum
1006 2781 1085 2857 apud
1108 2783 1266 2858 scriptores
1286 2784 1336 2842 ob·

166 2870 246 2929 viam
270 2872 352 2943 sunt,
375 2873 477 2929 nostra
500 2870 680 2945 exemplaria
707 2871 878 2946 philosophi
905 2888 940 2927 ex
967 2870 1167 2945 compluribus
1196 2872 1336 2946 exemplis

166 2961 299 3035 antiquis
322 2977 457 3018 manasse
482 2958 570 3017 facile
592 2959 728 3035 perspici.
766 2958 816 3017 sed
839 2961 874 3016 ut
898 2958 1058 3017 absurdum
1081 2959 1213 3033 videtur,
1236 2961 1261 3019 si
1285 2962 1337 3035 qui

166 3049 237 3106 libri
253 3050 350 3107 rarius
370 3066 437 3105 cum
455 3046 648 3123 scriptoribus
672 3048 798 3121 faciunt,
823 3067 871 3107 eos
894 3049 991 3105 malae
1018 3047 1087 3105 fidei
1105 3050 1255 3108 conuictos
1274 3067 1336 3108 esse

166 3138 286 3212 putare,
309 3138 354 3195 ita
373 3138 464 3195 etiam
488 3156 523 3193 ex
545 3155 601 3195 usu
620 3136 773 3195 Platonico
793 3156 808 3195 e
828 3155 938 3196 conexu
961 3138 1176 3195 sententiarum
1195 3137 1336 3196 lectiones

167 3225 397 3301 ascriptoribus
422 3225 534 3284 alienas
557 3224 714 3283 traditioni
737 3224 837 3284 deberi
863 3224 1049 3301 probandum
1072 3226 1136 3283 erit.
1174 3225 1336 3285 clarissime

166 3333 236 3373 vero
256 3314 317 3373 illis
336 3314 408 3373 locis
427 3316 559 3372 nostram
577 3316 751 3372 memoriam
769 3313 956 3373 Platonicam
971 3333 1005 3372 ex
1020 3313 1143 3373 diversis
1158 3315 1242 3373 libris
1260 3317 1335 3390 pris-

166 3404 207 3462 cis
226 3402 354 3479 pendere
368 3403 555 3477 inlustratur,
574 3402 625 3460 ubi
639 3403 773 3477 pluribus
788 3403 967 3462 testimoniis
982 3403 1207 3478 suppetentibus
1223 3403 1335 3463 codices

167 3493 263 3551 nostri
280 3492 312 3548 in
332 3491 449 3551 easdem
468 3492 608 3550 lectiones
629 3494 718 3566 atque
736 3494 897 3568 scriptores
916 3490 1078 3550 discedunt.

255 3579 360 3639 deinde
385 3581 511 3639 alteram
529 3582 610 3638 uiam
633 3583 771 3656 excerpta
793 3581 972 3655 scriptorum
995 3579 1188 3656 suppeditant
1206 3600 1266 3657 qua
1284 3583 1337 3657 qui

166 3671 340 3728 memoriam
359 3669 492 3727 Platonis
516 3669 680 3745 simplicem
700 3688 761 3728 esse
780 3669 885 3728 volunt
907 3669 1033 3727 refutari
1055 3672 1187 3745 possunt.
1224 3672 1336 3728 maiore

167 3760 246 3816 enim
264 3759 350 3834 copia
367 3759 606 3816 testimoniorum
623 3758 655 3815 in
673 3758 803 3816 medium
822 3757 967 3834 producta
980 3757 1060 3815 haud
1075 3758 1204 3816 alienum
1218 3758 1337 3817 uidetur

167 3849 370 3921 quaestionem
393 3865 524 3921 movere,
553 3864 590 3904 an
615 3850 752 3922 excerpta
775 3849 908 3905 veterum
935 3848 1001 3923 ipsa
1027 3849 1059 3904 in
1087 3846 1205 3906 diversa
1228 3865 1336 3924 genera

167 3936 309 3995 classibus
328 3936 472 3994 librorum
491 3938 660 3994 nostrorum
679 3935 887 4011 respondentia
906 3936 1070 3995 discernere
1090 3937 1185 3994 liceat.
1214 3938 1259 3995 ita
1277 3955 1336 3994 non

256 4160 282 4229 1)
302 4156 468 4212 Schanzium
486 4157 637 4227 praecipue
656 4157 718 4211 dico
734 4159 778 4226 (cf.
795 4157 912 4212 Studien
930 4177 957 4227 p.
973 4164 1006 4211 23
1017 4160 1078 4227 sq),
1097 4157 1183 4210 etiam
1198 4155 1336 4211 Schaeffe·

166 4247 229 4282 mm
248 4230 493 4371 (diPlacutlinisssdiie
511 4299 710 4368 Porschungen
729 4318 756 4370 p.
772 4306 796 4353 2.

1418 4700 1455 4740 A
