2958 4770
163 183 205 246 32
447 178 451 185 ’
621 182 755 236 Ernestus
774 182 884 236 Bickel:

161 351 244 410 fonte
267 370 358 427 quam
381 352 510 425 reliquos
540 353 630 409 testes
659 352 833 409 memoriam
856 351 988 410 hausisse
1011 353 1144 427 apparet.
1182 367 1252 408 nam
1270 369 1339 408 ver·

162 440 233 498 bum
251 439 447 499 5ιαπνεῑεθαι
466 440 545 516 quod
564 459 583 497 a
601 439 699 499 1301)
719 440 789 498 solis
814 438 910 514 abest,
928 441 960 497 in
979 440 1012 498 Ε
1030 437 1074 516 (Λ
1081 439 1207 499 CEHJ
1211 438 1240 496 L
1249 440 1342 496 YFA
1464 466 1465 493 l

165 520 262 609 mes)
273 528 352 604 apud
363 526 523 587 Stobaeum
542 531 572 587 et
586 528 666 604 apud
681 528 842 587 Eusebium
857 521 898 609 (p.
915 530 978 588 553
989 520 1021 608 a)
1037 529 1156 606 legitur,
1170 527 1341 603 Xenophon

163 619 194 675 et
212 616 388 676 Aristoteles
406 618 484 675 inter
503 617 695 693 philosophos
713 619 803 692 primi
821 620 1046 693 usurpaverunt.
1076 617 1202 691 denique
1216 636 1244 692 p.
1262 617 1340 689 331,

165 707 206 764 10
231 699 272 786 (p.
294 707 336 764 80
347 698 384 786 G)
409 705 461 763 ubi
489 705 649 764 articulum
676 702 714 765 τό
743 709 811 765 5555
836 706 924 779 (ῶμα
946 706 1016 764 libri
1040 706 1136 766 BOD
1158 707 1287 781 ponunt,
1306 705 1343 762 Ε

163 787 210 876 (A
217 794 315 853 OEH
318 796 344 854 J
345 795 408 852 LA
416 786 512 875 ces)
540 814 608 853 cum
633 793 761 853 Stobaeo
794 795 950 871 omittunt,
973 794 1132 853 discidium
1163 793 1339 853 traditionis

164 883 291 942 Stobaeo
311 885 457 942 vetustius
476 901 538 941 osse
562 903 597 942 ox
615 883 736 942 Eusebii
758 885 929 942 testimonio
949 876 990 964 (p.
1012 885 1075 942 553
1087 875 1118 963 5)
1138 885 1337 959 cognoscitur.

161 974 311 1049 postremo
329 971 398 1030 vide
420 991 457 1030 ne
482 973 572 1030 etiam
594 993 623 1048 p.
644 973 717 1046 329,
738 973 778 1031 25
799 964 812 1050 (
835 1018 841 1030 .
863 975 902 1032 79
916 963 952 1051 C)
976 973 1027 1030 ubi
1052 972 1225 1048 anthologio
1244 971 1339 1029 verba

163 1061 266 1119 eadem
289 1064 380 1136 atque
403 1061 581 1120 membranis
601 1062 633 1119 Ε
649 1056 693 1137 (Λ
701 1052 1028 1141 OEHJLPAnes)
1052 1060 1213 1120 traduntur
1237 1058 1337 1119 τοῦτο

162 1145 225 1223 γάρ
249 1146 332 1209 ἐςτιν
350 1146 389 1209 τὸ
413 1145 466 1208 διὰ
489 1149 546 1209 τοῦ
571 1146 715 1223 εώματο(
738 1145 776 1208 τὸ
801 1142 840 1207 δι’
862 1144 1033 1222 attentetur
1056 1149 1184 1209 (κοπεῑν
1207 1166 1236 1208 τι
1257 1148 1338 1207 codi-

162 1239 245 1297 cibus
270 1239 336 1296 BD
360 1234 398 1297 τὸ
422 1233 460 1296 δι’
490 1233 674 1311 nicolaos,
704 1237 886 1314 Tubingensi
907 1238 932 1296 0
953 1235 991 1297 τὸ
1019 1235 1055 1297 δὲ
1083 1234 1122 1296 δι’
1152 1233 1336 1311 αἰεθήεεων,

161 1327 386 1386 vindobonensi
406 1322 472 1399 ru
489 1323 528 1386 τὸ
547 1323 586 1385 δι’
606 1322 776 1400 uictricem(
794 1346 848 1403 pro
867 1322 905 1385 τὸ
924 1322 963 1386 δι’
984 1321 1154 1399 αἰεθήεεωε
1173 1326 1336 1385 exhibenti-

161 1418 231 1491 bus,
259 1416 366 1492 quibus
391 1416 483 1474 variis
510 1415 641 1474 fontibus
669 1419 772 1474 nostra
798 1415 942 1474 memoria
964 1415 1098 1474 Platonis
1124 1417 1240 1474 nitatur
1265 1419 1336 1491 apte

163 1506 346 1564 inlustretur.
389 1523 448 1580 quo
475 1505 540 1563 loco
563 1504 724 1562 Eusebium
752 1504 803 1580 qui
828 1497 870 1585 (p.
896 1497 1004 1585 5525)
1029 1500 1068 1563 τὸ
1096 1499 1135 1562 δι’
1165 1498 1337 1575 uictricem<

162 1593 276 1653 omittit
294 1593 454 1670 genuinam
473 1593 606 1652 Platonis
631 1592 809 1669 scripturam
832 1611 964 1652 servasse
988 1593 1106 1669 opinor3
1128 1611 1199 1650 nam
1220 1592 1252 1650 in
1271 1612 1337 1651 sen-

164 1677 298 1754 tentiat]
322 1679 410 1755 ψυχὴ
440 1676 519 1741 ὅταν
549 1678 606 1755 μὲν
634 1683 680 1761 τῷ
708 1678 826 1756 (ώματι
850 1682 1044 1755 προεχρῆται
1073 1677 1116 1740 εἰ(
1144 1677 1182 1740 τὸ
1206 1681 1337 1740 nonen

163 1789 192 1831 τι
216 1767 235 1844 ἢ
260 1767 312 1830 διὰ
339 1770 398 1829 τοῦ
427 1765 508 1844 ὁρᾶν
531 1766 550 1843 ἢ
575 1766 628 1829 διὰ
650 1769 715 1829 τοῦΙ
737 1765 864 1830 ἀκούειν
887 1766 906 1843 ἢ
931 1766 970 1828 δι’
995 1765 1093 1843 ἄλλη(
1115 1765 1202 1829 τινὸς
1230 1765 1336 1843 αἰεθή-

164 1876 242 1919 εεωε
256 1859 354 1918 verbis
368 1855 387 1932 ἢ
403 1855 455 1919 διὰ
470 1858 528 1918 τοῦ
543 1855 624 1933 ὁρᾶν
637 1906 643 1918 .
655 1905 661 1918 ,
673 1855 709 1932 ,ἢ
724 1855 763 1918 δι’
780 1854 879 1931 ἄλλη(
893 1855 980 1918 τινὸς
995 1854 1165 1931 uictricem(
1183 1860 1337 1917 notionem

165 1948 221 2021 τῆ(
240 1945 382 2022 (κέφεωε
402 1947 457 2019 τῆ(
477 1947 582 2020 ψυχῆς
601 1950 646 2027 τῷ
667 1945 784 2020 (ώματι
804 1944 1052 2022 προεχρωμένηε
1066 1948 1186 2023 planius
1201 1947 1336 2022 describi,

162 2038 335 2113 parenthesi
364 2038 464 2094 antem
488 2055 565 2111 quae
590 2037 726 2111 sequitur
748 2035 846 2096 τοῦτο
870 2030 902 2117 (i.
923 2056 948 2094 e.
971 2033 1009 2096 τὸ
1038 2037 1166 2096 (κοπεῑν
1197 2032 1249 2095 διὰ
1276 2035 1336 2095 τοῦ

164 2122 245 2200 ὁρᾶν
269 2143 295 2184 κ.
310 2142 336 2184 τ.
351 2121 393 2201 λ.)
417 2120 479 2198 γάρ
500 2120 563 2184 teu
586 2121 624 2184 τὸ
648 2121 700 2184 διὰ
723 2124 782 2184 τοῦ
806 2121 951 2198 edunto(
975 2125 1103 2185 (κοπεῐν
1126 2142 1155 2184 τι
1174 2124 1206 2182 id
1227 2125 1337 2200 dogma

164 2214 244 2290 quod
265 2215 297 2272 in
322 2213 477 2272 enuntiato
501 2209 521 2286 ἡ
545 2210 633 2287 ψυχὴ
663 2207 742 2273 ὅταν
770 2211 827 2288 μὲν
855 2214 901 2292 τῷ
930 2210 1047 2287 εώματι
1071 2212 1265 2287 προεχρῆται
1290 2207 1334 2271 εἰ(

163 2300 201 2363 τὸ
225 2303 354 2363 (roseis
378 2320 406 2361 τι
425 2299 444 2376 ἢ
465 2298 517 2361 διὰ
540 2301 598 2361 τοῦ
623 2297 703 2375 ὁρᾶν
723 2320 748 2361 κ.
763 2319 788 2361 τ.
805 2302 831 2362 λ.
850 2302 935 2377 latet,
956 2302 1064 2361 diserte
1083 2302 1180 2360 efferri
1199 2302 1335 2377 apparet.

163 2393 279 2450 nullum
305 2392 400 2468 igitur
427 2391 525 2449 locum
555 2391 678 2451 dictioni
704 2388 742 2450 τὸ
770 2386 809 2450 δι’
839 2385 1009 2464 αἰεθήεεω(
1037 2409 1100 2449 osse
1123 2390 1264 2449 videmus.
1301 2393 1336 2448 ut

165 2484 266 2539 autem
281 2481 360 2556 apud
376 2478 539 2539 Stobaeum
552 2480 625 2537 item
639 2482 730 2555 atque
744 2479 776 2536 in
790 2480 926 2554 plurimis
940 2479 1025 2537 libris
1038 2479 1173 2538 Platonis
1188 2479 1335 2555 glossema

163 2570 195 2627 in
214 2572 385 2628 contextum
409 2568 552 2627 orationis
573 2569 718 2627 infarsum
741 2571 867 2643 reperis,
890 2568 934 2626 ita
956 2568 1122 2644 particulae
1141 2563 1177 2627 δέ
1197 2566 1335 2625 Orusiani

162 2654 430 2731 itVindobonensis
444 2657 535 2716 verba
549 2660 687 2732 suspecta
701 2657 860 2733 glossatori
873 2657 975 2715 deberi
989 2659 1101 2715 certum
1116 2656 1275 2714 affirmant.
1292 2688 1334 2694 —

163 2748 210 2805 his
235 2747 330 2824 igitur
352 2746 426 2805 locis
450 2746 531 2804 haud
553 2746 597 2805 ita
620 2746 723 2821 paucis
747 2765 806 2820 qua
833 2745 975 2805 memoria
998 2745 1164 2804 Phaedonis
1189 2744 1335 2804 Stobaeus

164 2854 234 2894 usus
263 2837 317 2909 est,
345 2854 380 2892 ea
402 2834 434 2891 in
457 2836 543 2910 parte
563 2834 675 2893 maiore
699 2837 868 2893 nostrorum
895 2834 1040 2893 librorum
1062 2835 1197 2909 recurrit,
1225 2833 1337 2909 singuli

164 2927 264 2983 autem
287 2924 424 2999 pluresve
448 2922 562 2981 codices
587 2925 701 2982 vetusti
724 2923 849 2981 alteram
872 2923 1000 2998 priscam
1031 2923 1223 2982 traditionem
1250 2940 1335 2997 prae·

163 3012 242 3072 bent.
288 3013 349 3070 iam
376 3030 446 3070 vero
474 3013 553 3070 locos
582 3012 725 3087 quosdam
753 3012 805 3070 ubi
832 3011 990 3071 Bodleiani
1016 3013 1159 3070 memoria
1190 3011 1222 3069 in
1249 3013 1336 3086 paite

164 3102 276 3162 maiore
317 3100 463 3160 librorum
499 3100 633 3159 Platonis
666 3103 831 3176 comparet,
875 3100 1070 3177 gnomologns
1107 3120 1174 3159 oum
1210 3099 1336 3176 singulis

163 3191 302 3266 paucisve
321 3189 500 3248 membranis
518 3191 637 3266 proprie
660 3190 799 3267 congruit
821 3208 973 3248 occurrere
999 3189 1155 3247 dicendum
1180 3191 1238 3263 est3
1264 3206 1335 3263 quo-

163 3300 230 3337 rum
261 3280 394 3337 locorum
429 3279 578 3354 plerisque
608 3280 644 3337 de
674 3278 785 3337 leniore
821 3278 988 3337 differentia
1024 3278 1194 3336 traditionis
1227 3277 1335 3354 agitur.

164 3389 193 3443 p.
214 3369 287 3441 326,
307 3368 325 3425 3
351 3360 392 3448 (p.
415 3369 456 3424 70
465 3358 507 3446 A)
531 3368 628 3425 forma
651 3385 670 3424 a
692 3367 817 3426 Platone
841 3366 939 3424 aliena
957 3366 1122 3442 praesentis
1150 3360 1335 3438 διιπταμένη

164 3457 282 3515 tamin
308 3455 392 3513 libris
421 3455 538 3530 scriptis
563 3455 684 3513 Stobaei
708 3474 799 3530 quam
822 3455 854 3513 in
880 3455 1014 3515 Platonis
1033 3454 1255 3513 Vindobonensi
1275 3445 1335 3534 (Φ)

165 3545 330 3617 insonitum
348 3544 401 3602 ubi
420 3544 580 3622 genuinam
598 3544 756 3603 lectionem
773 3544 872 3603 nullos
888 3544 978 3603 libros
993 3544 1050 3602 nisi
1066 3562 1115 3602 eos
1134 3543 1185 3620 qui
1205 3543 1335 3601 διαπτο-

165 3631 243 3709 μὲνη
262 3633 395 3707 tradunt,
415 3650 546 3692 servasse
564 3633 669 3708 liquet,
689 3633 830 3708 quoniam
848 3651 885 3690 ne
904 3628 1101 3707 διαπταμένη
1121 3631 1241 3707 quidem
1256 3630 1336 3689 codi-

166 3743 233 3782 cum
266 3723 451 3799 quorundam
483 3721 602 3780 Platoni
633 3721 786 3797 impertire
818 3722 864 3780 fas
892 3715 974 3804 estl)
1010 3724 1166 3797 praeterea
1193 3719 1335 3778 lectiones

164 3830 274 3887 pravas
287 3831 316 3887 p.
328 3813 390 3868 327
394 3856 401 3885 ‚
413 3812 453 3868 17
469 3802 512 3890 (p.
526 3802 609 3891 710)
622 3809 761 3868 Vaticani
777 3803 830 3890 (A)
845 3807 883 3870 τό
898 3830 951 3885 pro
966 3812 1021 3890 τῷ,
1036 3830 1064 3885 p.
1076 3812 1149 3884 329,
1161 3811 1178 3865 2
1195 3800 1238 3888 (p.
1251 3808 1290 3865 78
1298 3799 1335 3888 0)

164 3900 293 3959 Parisini
317 3891 374 3980 (G)
400 3894 481 3971 ἤπερ
505 3917 558 3973 pro
583 3893 671 3972 εἴπερ
695 3899 727 3956 in
751 3899 924 3976 anthologio
947 3917 1097 3957 recurrere
1121 3895 1334 3956 adnotaverim.

165 3988 270 4047 deinde
307 4008 335 4064 p.
357 3988 488 4062 329,11
515 3979 558 4068 (p.
579 3990 618 4046 79
632 3980 673 4068 Α)
701 3983 719 4060 ἤ
748 3988 897 4063 particula
925 4006 1001 4062 5555
1037 3987 1069 4044 in
1100 3985 1335 4063 interrogatione

166 4072 247 4136 ἄλλο
270 4094 298 4136 τι
321 4072 411 4149 ἡμῶν
435 4071 542 4135 αὐτῶν
565 4073 584 4150 ἢ
608 4072 646 4136 τὸ
670 4074 727 4149 μὲν
751 4072 839 4150 copo
863 4072 937 4147 tcn,
961 4072 999 4135 τὸ
1023 4073 1059 4134 δὲ
1082 4072 1170 4148 ψυχή
1194 4091 1336 4149 responso

166 4162 262 4225 οὐδὲν
287 4160 368 4224 ἄλλο
387 4169 528 4240 55555555
549 4165 676 4224 Stobaeo
700 4183 767 4223 cum
790 4164 873 4223 libris
893 4157 1021 4246 (ΦΕΓ)
1040 4163 1203 4222 communis
1223 4165 1281 4238 est,
1304 4162 1337 4219 in

257 4353 283 4422 1)
303 4351 337 4406 cf.
353 4350 468 4423 scham,
489 4352 531 4407 ed.
546 4352 618 4407 Plct.
633 4350 684 4405 XII
701 4351 789 4422 praef.
804 4370 831 4422 p.
848 4355 889 4405 18.
926 4349 1028 4404 Moeris
1047 4368 1074 4420 p.
1091 4355 1150 4404 207.
