2958 4770
319 164 361 218 De
378 163 490 219 Ioannis
510 162 624 217 Stobaei
642 163 780 232 excerptis
798 162 952 216 Platonicis
989 163 1024 217 de
1041 162 1198 217 Phaedone.
1314 164 1335 227 9

159 331 252 393 1116116
271 332 450 410 generaliter
473 353 507 391 er
530 333 708 392 testimoniis
732 332 811 391 effici
832 333 944 408 poterit
962 334 1077 391 variam
1096 333 1224 408 priscam
1242 334 1334 393 tradi·

159 424 277 480 tionem
294 423 326 479 in
344 423 454 481 nostris
472 422 557 482 libris
575 421 710 481 Platonis
726 421 844 481 obviarn
859 441 929 495 esse,
944 421 995 480 sed
1009 422 1135 481 fortasse
1149 424 1241 481 etiam
1255 425 1334 498 ipsas

159 511 348 571 recensiones
380 510 524 571 librorum
552 514 699 570 certorum
726 511 787 570 iam
815 511 996 585 antiquitate
1024 512 1153 588 viguisse
1181 510 1334 588 probabile

159 598 323 659 videbitur.

254 723 320 765 earn
333 708 428 784 igitur
443 709 647 782 quaestionem
661 725 721 783 qua
736 707 852 782 antiqui
867 706 1097 783 archetyporum
1110 705 1253 765 librorum
1265 706 1334 764 Pla·

160 794 244 854 tonis
264 796 360 855 fontes
377 797 582 870 inlustrantur,
600 797 717 854 etiamsi
736 794 793 854 loci
812 795 990 870 scriptorum
1009 794 1120 854 auxilio
1140 798 1334 871 arcessantur,

162 885 332 942 contortam
351 886 380 943 et
399 884 549 943 difficilem
568 903 630 944 esse
649 887 747 959 patet3
770 885 864 943 multo
884 884 1002 943 facilius
1021 884 1199 943 testimoniis
1218 885 1333 961 expedi-

161 976 225 1046 tur,
243 973 326 1048 quae¹
338 974 416 1032 ratio
435 976 514 1032 inter
537 974 670 1051 singulas
692 972 879 1032 membranas
904 991 979 1048 quae
1003 975 1131 1032 aetatem
1153 974 1248 1031 tulere
1266 972 1333 1031 Pla-

160 1062 243 1120 tonis
261 1062 389 1121 intersit.
418 1061 559 1120 nimirum
578 1080 678 1121 omnes
697 1062 735 1120 ad
753 1082 845 1119 unum
858 1063 928 1120 illos
943 1061 1056 1120 codices
1072 1062 1110 1120 ad
1124 1063 1335 1136 antiquitatem

162 1150 322 1209 ascendere
341 1153 454 1210 eertum
472 1154 517 1210 est
535 1152 566 1209 in
585 1150 693 1227 quibus
711 1151 852 1210 lectiones
867 1152 1045 1225 scriptorum
1058 1150 1149 1208 nullis
1164 1150 1231 1209 aliis
1250 1150 1334 1209 libris

160 1239 275 1297 relatae
303 1241 483 1315 comparent.
525 1241 578 1316 qui
605 1242 705 1299 autem
733 1239 846 1299 codices
878 1241 968 1298 testes
1000 1240 1164 1315 peculiares
1191 1239 1334 1298 orationis

161 1328 337 1387 Platonicae
356 1331 434 1402 sunt,
453 1347 524 1386 num
543 1329 580 1387 ad
599 1349 692 1386 unum
706 1329 887 1404 archetypon
901 1328 1024 1388 redeant
1038 1328 1117 1404 quod
1131 1331 1335 1403 excerptorum

161 1416 298 1475 Platonis
318 1419 416 1476 aetate
435 1419 581 1476 recentius
601 1419 653 1492 sit,
673 1437 688 1474 6
707 1418 835 1493 simplici
859 1420 1079 1494 comparatione
1097 1418 1335 1476 testimoniorum

162 1523 232 1563 cum
250 1505 334 1564 libris
358 1505 520 1565 Platonicis
539 1525 598 1565 non
623 1508 696 1565 item
718 1506 911 1583 intellegitur.
949 1526 1016 1566 curn
1038 1507 1203 1581 perieulum
1222 1506 1274 1579 sit,
1297 1526 1334 1564 ne

163 1592 301 1653 omnibus
319 1595 504 1671 singulorum
523 1595 656 1654 codicum
675 1596 829 1671 scripturis
849 1614 924 1671 quae
944 1595 1156 1654 atestimoniis
1175 1594 1335 1653 abhorrent

161 1701 219 1759 pro
246 1683 371 1743 noviciis
398 1683 508 1743 habitis
537 1701 552 1741 e
579 1684 723 1760 peculiari
755 1684 890 1759 quamvis
918 1683 1047 1760 pessima
1073 1685 1216 1742 memoria
1243 1684 1334 1759 scrip-

163 1773 266 1831 torum
284 1771 477 1831 concludatur
490 1775 607 1832 nostros
624 1772 716 1831 libros
736 1791 771 1830 ex
784 1792 844 1831 uno
859 1772 1019 1849 eodemque
1034 1773 1194 1848 exemplari
1207 1772 1334 1847 fluxisse,

163 1860 204 1918 ad
223 1862 427 1935 quaestionem
445 1860 481 1919 de
501 1862 661 1937 archetypo
679 1860 835 1920 Platonico
853 1861 1070 1938 profligandam
1088 1862 1228 1920 lectiones
1244 1861 1334 1936 sarip-

163 1951 264 2007 torum
297 1949 455 2027 diligenter
486 1949 650 2025 ponderare
684 1951 713 2008 et
745 1968 799 2009 6116
827 1969 974 2026 quamque
1002 1950 1203 2027 disputatione
1231 1949 1334 2009 critica

163 2039 306 2114 prosequi
324 2039 521 2098 necessarium
540 2041 592 2098 est.

253 2162 380 2222 historia
399 2167 497 2222 autern
516 2164 701 2241 dialogorum
720 2163 955 2223 academicorum
973 2165 1125 2240 explorata
1143 2164 1334 2223 manifestum

165 2252 224 2310 erit
250 2270 324 2328 quas
351 2253 432 2329 leges
459 2255 589 2312 recensio
622 2254 706 2328 sequi
739 2252 851 2312 debeat.
895 2254 1013 2328 praeter
1041 2252 1120 2328 quod
1146 2255 1334 2330 perspectum

164 2339 338 2400 habebimus
366 2343 418 2416 qui
445 2341 559 2401 codices
588 2361 623 2400 ex
649 2342 733 2400 libris
758 2341 918 2417 deperditis
946 2343 1010 2416 apti
1037 2342 1110 2415 sint,
1137 2342 1229 2400 etiam
1251 2343 1333 2417 pate·

164 2429 211 2487 bit
237 2449 309 2487 num
337 2430 392 2488 illa
419 2429 525 2505 quibus
553 2431 752 2490 recensionem
780 2430 837 2488 niti
865 2432 983 2506 oportet
1010 2430 1144 2506 exempla
1171 2432 1203 2488 in
1226 2432 1333 2490 classes

164 2517 347 2595 distinguere
375 2519 413 2577 ad
440 2521 555 2577 textum
582 2523 660 2579 16616
689 2519 928 2579 constituendum
956 2518 1100 2594 expediat.
1137 2519 1229 2577 libros
1257 2537 1333 2578 oom-

164 2605 265 2682 plures
288 2626 415 2681 quorum
439 2610 603 2668 communis
631 2609 697 2668 lons
726 2608 851 2667 amissus
873 2608 986 2684 insigni
1007 2607 1169 2666 lectionum
1192 2625 1335 2667 consensu

164 2694 312 2754 indicetur
331 2697 418 2755 classi
437 2700 518 2757 certa
537 2696 781 2773 comprehendere
801 2697 839 2755 ad
854 2695 1065 2755 recensendum
1079 2696 1234 2755 Platonem
1248 2716 1333 2773 peru-

164 2783 218 2842 tile
246 2802 308 2843 esse
335 2785 438 2862 negari
470 2787 587 2862 nequit3
619 2789 652 2845 at
683 2788 718 2844 ut
749 2785 877 2862 suspicio
905 2804 964 2844 non
997 2786 1081 2845 abest
1113 2785 1184 2860 quin
1212 2785 1334 2863 quidam

165 2871 280 2933 codices
318 2873 453 2934 Platonis
492 2876 603 2952 singuli
639 2894 655 2933 6
690 2874 890 2951 compluribus
927 2874 1059 2933 fontibus
1095 2876 1229 2950 suspensi
1265 2876 1334 2949 sint,

164 2962 210 3019 ita
237 2962 300 3020 fore
327 2964 361 3021 ut
385 2982 420 3020 ea
443 2981 519 3039 quae
544 2982 579 3022 ex
602 2963 772 3023 condicione
795 2966 964 3023 nostrorum
986 2963 1129 3023 librorum
1152 2963 1188 3021 de
1210 2962 1334 3023 familiis

165 3068 268 3109 eorum
286 3049 466 3127 efficiuntur,
491 3053 669 3112 testimoniis
694 3054 746 3111 aut
764 3053 871 3112 certius
889 3052 1053 3127 probentur
1075 3054 1128 3111 aut
1146 3052 1335 3129 corrigantur

164 3138 332 3213 putandum
350 3143 402 3198 est.
440 3140 558 3200 etiamsi
575 3140 711 3217 plurimis
730 3141 803 3200 locis
821 3140 891 3198 libri
909 3140 1058 3199 Platonici
1079 3142 1111 3199 in
1131 3140 1248 3199 easdem
1266 3159 1334 3215 par·

164 3229 210 3286 tes
229 3227 390 3305 discedant,
408 3231 509 3288 tamen
528 3229 566 3287 ad
583 3248 647 3288 rem
665 3228 799 3289 criticam
816 3230 849 3287 in
863 3229 988 3288 Platone
1002 3228 1198 3289 factitandam
1213 3228 1333 3289 distinc-

164 3316 208 3373 tio
233 3316 372 3375 classium
399 3319 514 3376 nullum
542 3336 629 3377 usum
657 3319 772 3392 afferet,
800 3318 856 3377 nisi
884 3316 1009 3395 singulis
1037 3318 1121 3378 libris
1149 3317 1334 3395 singularum

164 3404 348 3463 familiarum
375 3405 454 3465 inter
480 3426 511 3466 se
537 3407 786 3467 consentientibus
813 3410 910 3467 totam
932 3406 1124 3466 traditionem
1147 3406 1333 3465 Platonicam

164 3492 300 3567 praeberi
323 3498 435 3554 certum
458 3495 656 3555 habuerimus.
679 3499 884 3573 —quantum
902 3516 972 3555 1616
996 3495 1034 3553 ad
1052 3497 1181 3571 priscam
1199 3494 1334 3555 Platonis

164 3582 338 3642 memoriam
356 3586 406 3642 via
425 3602 460 3642 ac
477 3587 593 3644 ratione
612 3585 848 3644 resuscitandam
864 3586 938 3645 scire
957 3584 1084 3659 intersit,
1101 3587 1203 3644 utrum
1221 3604 1256 3643 er
1274 3604 1333 3644 uno

165 3687 205 3727 au
228 3689 243 3729 6
266 3672 466 3748 compluribus
491 3674 632 3749 exemplis
655 3676 788 3733 veterum
811 3676 906 3734 nostri
928 3673 997 3731 libri
1020 3673 1181 3749 pendeant,
1203 3693 1263 3732 non
1289 3675 1334 3732 est

165 3758 245 3834 quod
264 3761 415 3836 explicem.
1337 3771 1339 3775 ’

254 3904 357 3944 16111111
384 3888 420 3945 111
448 3889 582 3963 quaestio
611 3887 646 3945 de
673 3887 799 3946 historia
827 3887 1011 3965 dialogorum
1037 3884 1171 3945 Platonis
1193 3885 1335 3945 instituta

163 3975 353 4052 praemunita
371 3974 422 4035 116
441 3975 478 4033 ad
496 3975 669 4035 umbilicum
688 3975 866 4049 adducatur,
884 3994 972 4050 porro
990 3975 1168 4034 monendum
1187 3978 1232 4035 est
1250 3993 1335 4034 suam

166 4083 312 4140 quemque
331 4063 484 4142 dialogum
502 4064 735 4139 disputationem
752 4064 909 4140 requirere.
947 4084 1017 4122 nam
1036 4083 1095 4124 non
1113 4065 1201 4122 modo
1221 4063 1291 4122 libri
1305 4067 1335 4122 et

165 4170 287 4212 numero
308 4156 338 4210 et
356 4171 462 4228 genere
480 4153 590 4212 diversi
608 4153 739 4215 diversos
758 4153 892 4230 dialogos
910 4152 994 4212 nobis
1013 4152 1214 4228 suppeditant,
1232 4173 1335 4211 verum

165 4241 257 4300 etiam
280 4240 439 4300 eorundem
462 4242 596 4301 codicum
619 4241 749 4301 indolem
771 4243 802 4299 in
826 4241 893 4300 aliis
912 4241 1039 4318 dialogis
1064 4241 1155 4300 aliam
1174 4260 1236 4301 esse
1255 4241 1335 4301 docti

165 4330 277 4391 dudum
308 4329 453 4390 viderunt.
490 4330 632 4389 Vaticani
674 4331 736 4389 225
769 4331 885 4405 partem
922 4330 1064 4387 maiorem
1103 4329 1139 4388 de
1171 4329 1333 4389 Bodleiano
