2958 4770
291 195 334 248 De
352 194 464 249 Ioannis
484 194 598 249 Stobaei
616 194 754 263 excerptis
773 194 926 248 Platonicis
963 194 998 248 de
1016 194 1173 248 Phaedone.
1273 194 1315 258 33

147 363 294 422 Vaticano
309 355 366 444 (Δ)
383 366 483 422 autem
501 365 570 437 post
587 379 616 421 τι
635 361 754 439 legitur,
767 362 977 437 interpolatori
995 362 1125 440 debetur,
1145 361 1316 437 antiquissi-

146 471 227 510 mam
245 469 315 511 vero
329 450 520 510 traditionem
542 469 612 526 pars
631 452 726 510 maior
747 451 891 510 librorum
907 450 1041 509 Platonis
1060 450 1132 510 duce
1151 451 1316 510 Bodleiano

147 541 252 599 reddit.
289 540 430 599 nimirum
457 541 555 598 locum
583 559 671 614 quem
693 531 839 620 tutores¹)
858 540 1024 614 particulae
1048 540 1176 598 attulere
1195 540 1315 598 Theaet.

150 630 248 688 17οΒ
267 625 296 688 τί
321 623 401 688 ἄλλο
425 625 568 703 φήεομεν
591 624 610 701 ἢ
635 624 752 688 αὐτοὺ(
775 625 851 688 τοὺ(
874 623 1066 701 ἀνθρώπου(
1088 624 1229 701 ἡγεῑεθαι
1250 644 1316 697 ...;

149 714 298 777 εῑούδὲν
331 711 412 776 ἄλλο
439 717 497 775 111
523 736 583 776 non
615 717 762 792 quadrare
790 718 880 791 atque
912 716 1078 775 rationibus
1105 712 1261 775 Heindorfi
1288 719 1318 774 et

151 798 307 886 Schanni²)
326 801 345 879 ἤ
366 806 598 880 improbantium
616 806 777 880 plurimum
795 805 987 863 tribuendum
1006 823 1068 864 esse
1087 823 1198 864 censeo.
1237 804 1317 863 deni·

151 913 207 969 que
230 914 257 969 p.
279 895 351 968 330,
372 895 412 953 18
432 887 474 974 (p.
496 885 587 975 7911)
610 894 662 951 ubi
685 893 830 953 Stobaeus
853 913 922 952 cum
943 894 1046 970 paucis
1067 893 1150 952 libris
1171 885 1317 974 (Aeas)

150 979 186 1041 δέ
204 983 330 1057 exhibet,
344 982 501 1041 lectionem
514 982 671 1041 Bodleiani
684 983 925 1058 reliquorumque
940 983 1074 1042 codicum
1088 1002 1155 1041 oum
1169 981 1317 1059 eclogario

147 1071 347 1148 pugnantium
370 1067 408 1144 δή
431 1073 461 1129 11
478 1071 574 1147 ipsam
594 1071 630 1128 ab
654 1071 835 1146 antiquitate
860 1071 1005 1148 originem
1031 1071 1149 1130 trahere
1173 1071 1318 1130 Eusebius

150 1152 191 1240 (p.
208 1151 311 1239 5521)
336 1159 497 1218 confirmat.
535 1178 569 1218 ac
592 1159 652 1217 iam
676 1160 699 1217 ii
722 1160 780 1219 loci
797 1159 849 1218 ubi
873 1160 1090 1219 vetustissimos
1112 1160 1202 1219 libros
1221 1159 1319 1219 1301)

149 1266 167 1305 a
185 1248 346 1307 traditione
366 1247 535 1307 Stobaeana
553 1268 613 1308 non
631 1249 758 1324 pendere
777 1251 830 1307 aut
848 1251 963 1307 certum
981 1252 1034 1309 aut
1051 1248 1205 1324 probabile
1225 1251 1270 1306 est
1287 1248 1319 1305 in

148 1337 278 1394 medium
296 1336 434 1413 producti
452 1340 529 1396 11111.
556 1337 618 1395 ι111
636 1339 671 1394 11
690 1355 790 1396 omnes
804 1337 945 1400 lectiones
960 1338 1073 1413 priscas
1093 1337 1220 1396 Stobaeo
1234 1338 1319 1413 igno·

149 1427 197 1483 tas
217 1425 403 1502 singularum
420 1425 553 1500 partium
570 1428 689 1484 nostrae
708 1426 867 1485 memoriae
886 1426 1058 1485 Platonicae
1080 1426 1112 1484 in
1130 1443 1319 1504 1111111111-

148 1532 257 1589 ponere
280 1513 469 1588 propositum
491 1513 646 1588 habemus,
669 1514 713 1572 ita
737 1534 816 1573 nunc
837 1515 980 1590 pauciens
1002 1515 1075 1591 ipsis
1104 1513 1319 1589 antiquissimis

149 1601 297 1661 codicibus
330 1621 397 1661 eum
413 1663 414 1666 ,
429 1603 597 1678 excerptore
629 1603 867 1679 conspirantibus
900 1603 1101 1680 discrepantes
1133 1603 1319 1661 membranas

149 1690 326 1750 recentiores
346 1691 384 1748 11
403 1690 614 1767 antiquitatem
632 1691 788 1751 ascendere
807 1693 1095 1751 commemorandum
1114 1693 1166 1750 est.
1201 1712 1230 1767 p.
1246 1693 1320 1766 329,

151 1780 191 1837 25
212 1771 253 1860 (p.
276 1771 364 1860 790)
388 1780 499 1856 legitur
526 1780 606 1856 apud
634 1779 795 1839 Stobaeum
818 1781 907 1839 utin
925 1781 1022 1841 BOD
1044 1781 1171 1857 pessime
1200 1776 1238 1839 τό
1265 1800 1319 1855 pro
1352 1808 1356 1815 ·

149 1865 223 1927 τότε
248 1870 279 1925 11
301 1888 328 1942 p.
355 1869 471 1942 331,2
497 1860 539 1944 (p.
564 1860 656 1949 8οΒ)
684 1872 834 1927 testantur
860 1869 957 1929 1301)
987 1861 1200 1950 (ΦθεΛθΕ)
1229 1868 1320 1927 adsti-

148 1957 270 2031 pulante
289 1956 437 2032 eclogario
456 1953 552 2030 ψυχή,
572 1975 646 2015 curn.
658 1958 834 2033 scripturam
849 1959 1031 2034 reliquorum
1049 1958 1193 2017 librorum
1211 1952 1320 2030 ψυχήν

149 2043 294 2104 Eusebius
313 2036 356 2125 (p.
373 2036 480 2125 5521)
499 2044 649 2120 praebeat.

238 2132 446 2209 quaestionum
473 2133 643 2192 criticarum
666 2153 740 2210 quas
763 2134 838 2194 inire
862 2135 996 2212 oportuit
1019 2135 1140 2194 calculis
1167 2133 1319 2193 subductis

150 2222 295 2280 evincitur
317 2222 423 2279 harum
446 2223 618 2299 eclogarum
640 2225 757 2281 textum
779 2224 901 2283 minime
924 2226 968 2284 ita
991 2243 1026 2281 ex
1050 2224 1173 2283 diversis
1196 2223 1320 2281 familiis

149 2309 292 2369 librorum
315 2310 449 2370 Platonis
473 2311 669 2369 constitutum
692 2329 768 2386 esse,
791 2314 826 2370 ut
850 2331 924 2387 quas
943 2330 1077 2388 quaeque
1100 2312 1217 2370 familia
1235 2330 1320 2371 veras

149 2399 290 2458 lectiones
310 2417 410 2458 secum
428 2399 500 2473 fert,
524 2418 576 2458 eae
599 2399 631 2457 in
650 2400 761 2477 eclogis
785 2402 948 2459 recurrant.
985 2403 1104 2476 praeter
1121 2401 1321 2459 recensionem

151 2486 271 2546 Stobaei
295 2488 386 2545 etiarn
408 2486 602 2546 traditionem
626 2487 664 2546 ab
688 2507 722 2546 eo
746 2489 876 2548 alienam
897 2491 930 2547 in
947 2492 1050 2548 nostra
1066 2489 1210 2548 memoria
1228 2489 1320 2548 Phae-

150 2576 234 2635 donis
253 2576 469 2651 deprehendere
488 2577 621 2654 contigit.
651 2579 682 2634 et
700 2578 841 2653 quoniam
860 2579 912 2653 qui
930 2577 1000 2635 libri
1017 2579 1182 2636 recensioni
1197 2578 1229 2635 Ε
1245 2578 1320 2637 1111-

150 2682 205 2740 gae
234 2661 277 2723 ὡ(
297 2711 303 2723 .
324 2710 330 2723 .
351 2710 357 2723 .
377 2660 437 2738 ἡδύ
465 2668 501 2723 ut
526 2664 692 2740 peculiares
719 2668 811 2724 testes
838 2665 982 2724 orationis
1009 2665 1182 2724 Platonicae
1210 2666 1321 2742 opponi

150 2752 438 2827 1111111111Βο1),
457 2772 492 2811 ex
515 2753 552 2812 iis
571 2753 644 2830 ipsis
667 2757 787 2830 praeter
809 2754 882 2814 duos
906 2745 1018 2835 loeos³)
1037 2756 1160 2814 minoris
1178 2754 1321 2812 momenti

149 2861 177 2916 p.
194 2842 267 2916 329,
283 2843 323 2899 25
343 2862 371 2917 p.
388 2843 461 2916 331,
477 2844 495 2899 2
515 2844 607 2901 etiam
625 2842 678 2900 illa
701 2861 778 2919 quae
801 2844 840 2902 ab
862 2843 908 2901 his
933 2844 1042 2920 eclogis
1066 2843 1205 2902 abhorret
1222 2844 1320 2919 prisca

149 2931 292 2989 memoria
310 2930 478 2988 Phaedonis
496 2931 662 3009 mingitur,
680 2936 810 2991 ceterum
829 2933 941 2991 alienas
959 2933 996 2990 ab
1010 2933 1057 2991 his
1073 2933 1217 3008 excerptis
1231 2931 1320 2990 libro-

148 3037 216 3076 rum
234 3019 266 3076 E
283 3011 537 3101 (AOEHJLY)
560 3021 759 3095 proprietates
783 3021 934 3097 graviores
959 3039 977 3079 a
1000 3022 1112 3079 recenti
1139 3022 1226 3096 lapsu
1251 3021 1321 3079 scri-

148 3106 255 3164 barum
273 3108 372 3165 ortum
390 3108 508 3166 trahere
526 3108 685 3182 probatum
704 3112 757 3181 est,
775 3109 837 3166 iam
860 3110 905 3167 his
923 3109 1103 3168 testimoniis
1121 3109 1228 3185 capitis
1247 3106 1320 3182 περὶ

149 3194 255 3268 ψυχῆς
277 3194 366 3270 plane
389 3194 512 3253 eandem
535 3197 682 3254 rationem
705 3200 794 3271 atque
814 3198 931 3274 eclogae
952 3194 1021 3257 111.
1041 3244 1047 3257 .
1068 3192 1320 3269 1111111111-

149 3283 227 3359 gulis
245 3283 369 3341 familiis
387 3283 532 3342 librorum
549 3284 684 3342 Platonis
707 3284 887 3344 intercedere
911 3289 1044 3362 apparet.
1082 3305 1117 3344 ac
1142 3306 1178 3344 ne
1202 3305 1237 3346 1ο
1256 3287 1320 3361 qui-

151 3372 218 3429 dem
234 3372 308 3430 baec
327 3374 464 3449 excerpta
487 3372 524 3430 ab
548 3373 651 3449 ecloga
677 3368 721 3431 11(
740 3418 747 3431 .
767 3418 773 3430 .
794 3369 879 3446 ,ἡδύ
904 3374 1046 3433 differunt
1070 3375 1148 3449 quod
1168 3394 1235 3434 eum
1254 3376 1321 3433 aliis

149 3460 233 3518 libris
252 3463 342 3536 atque
357 3480 424 3520 cum
437 3463 469 3520 E
481 3453 526 3541 (A
533 3461 632 3521 OEH
632 3463 659 3521 J
660 3461 689 3519 L
697 3454 735 3541 Τ)
755 3467 922 3539 congruunt
934 3463 1046 3522 talibus
1060 3463 1133 3522 locis
1152 3465 1255 3538 paucis
1269 3463 1321 3521 ubi

149 3547 232 3606 velut
245 3568 273 3623 p.
286 3550 359 3622 326,
374 3552 392 3607 3
408 3571 435 3626 p.
448 3551 571 3625 327,17
591 3551 734 3626 passa
750 3552 864 3626 psas,
880 3554 918 3610 11
939 3572 967 3627 p.
979 3553 1052 3627 330,
1065 3553 1104 3609 18
1124 3552 1156 3608 11
1169 3551 1239 3610 libri
1254 3570 1320 3609 cum

151 3636 315 3695 Bodleiano
339 3637 377 3694 ad
400 3638 612 3713 antiquitatem
636 3638 792 3697 ascendere
810 3639 981 3713 videantur3
1006 3660 1077 3698 nam
1095 3641 1184 3698 huius
1204 3659 1320 3714 quoque

152 3725 268 3801 generis
287 3725 370 3783 locus
388 3725 420 3782 in
440 3728 542 3803 ecloga
561 3723 605 3786 ὡ(
625 3772 631 3786 .
651 3773 657 3785 .
678 3772 685 3785 .
704 3723 764 3799 ἡδύ
784 3720 1211 3805 111111111111.477,22.4)
1244 3747 1320 3803 quae

151 3832 217 3871 cum
235 3814 279 3873 ita
298 3814 359 3872 sint
376 3813 520 3872 Ioannem
538 3815 710 3874 testimonia
729 3815 836 3892 capitis
855 3812 928 3890 περὶ
946 3816 1052 3889 ψυχῆς
1071 3836 1106 3875 ex
1120 3817 1223 3874 eodem
1237 3818 1320 3874 fonte

152 3904 241 3977 atque
261 3904 431 3979 excerptum
451 3902 595 3978 eapitisL
615 3904 773 3979 sumpsisse
792 3903 986 3963 iudicandum
1005 3907 1058 3963 est.

239 4011 343 4050 verum
361 3992 387 4050 si
405 3992 497 4050 libros
511 3992 544 4049 Ε
556 3982 601 4072 (Λ
607 3991 707 4051 OEH
708 3994 734 4051 J
735 3993 765 4050 L
772 3985 810 4074 Τ)
830 4012 896 4051 cum
910 3993 1021 4070 eclogia
1035 3992 1210 4051 Stobaeanis
1225 3993 1320 4052 artius

152 4147 363 4157 ———-

242 4214 268 4283 1)
287 4213 320 4267 cf.
336 4215 487 4281 Hermann,
507 4214 550 4268 ed.
565 4213 665 4283 Platl
683 4215 770 4283 praef.
786 4234 813 4284 p.
830 4220 870 4268 15.

240 4287 266 4354 2)
286 4285 320 4338 cf.
336 4285 406 4339 Nov.
422 4285 525 4339 Comm.
545 4304 572 4354 p.
589 4291 648 4339 152.

240 4358 266 4426 3)
287 4356 321 4408 de
339 4354 383 4408 his
404 4357 437 4409 cf.
457 4375 484 4424 p.
501 4362 542 4409 35.
631 4358 657 4424 4)
678 4356 711 4409 of.
728 4375 754 4424 p.
772 4362 811 4409 18.
