2958 4770
130 146 173 208 36
586 145 720 199 Ernestus
739 144 848 199 Bickel:

219 313 269 371 sed
293 311 366 371 satis
390 312 543 388 probabile
568 330 629 372 esse
648 332 664 371 e
682 313 819 388 pluribus
842 332 933 388 quam
952 313 1067 372 duobus
1090 313 1173 371 libris
1192 314 1299 371 veteri-

129 402 184 460 bus
216 402 316 459 varias
348 401 478 459 familias
511 398 644 459 codicum
676 401 900 460 Platonicorum
935 403 1052 462 exortas
1084 420 1146 460 esse
1178 401 1266 460 modo
1274 394 1299 468 1)

130 490 283 548 ediximus.
330 489 473 548 librorum
497 490 529 547 E
555 480 600 569 (A
608 483 812 571 OEHJLY)
839 491 1040 549 recensionem
1069 491 1142 548 item
1170 509 1189 547 a
1215 490 1300 548 libris

131 571 173 657 (A
181 569 277 658 OEGs)
287 580 322 635 ut
332 579 454 636 classem
463 578 495 635 E
503 569 548 658 (A
555 577 615 637 OE
619 579 655 636 H
655 579 682 637 J
684 578 713 636 L
721 581 803 637 ΤΓΔ
810 570 906 659 ode)
917 599 936 638 a
944 578 1123 637 membranis
1133 579 1163 637 B
1171 578 1230 637 01)
1239 577 1300 636 iam

130 669 200 725 ante
224 664 385 724 Stobaeum
408 666 580 725 distinctam
602 666 694 726 fuisse
718 667 877 726 admodum
895 666 959 726 veri
984 667 1081 726 simile
1099 667 1184 726 nobis
1202 669 1300 725 visum

131 757 183 815 est.
211 755 302 812 trium
321 757 423 813 autem
440 755 647 813 recessionum
660 756 826 814 Phaedonis
845 755 897 813 uni
912 757 1019 831 cuique
1032 755 1149 815 variam
1162 755 1300 814 traditio-

130 864 197 902 nem
216 844 346 919 priscam
364 845 459 903 inesse
478 843 572 901 fusius
590 843 752 903 inlustrare
771 844 867 903 adhuc
885 846 959 903 satis
978 845 1039 903 fuit
1057 848 1088 903 et
1102 844 1300 919 commodum,

130 932 219 990 utin
242 930 445 991 communibus
468 933 614 991 librorum
632 933 665 990 Ε
687 925 732 1013 (A
739 933 865 993 CEHJ
866 933 896 990 L
904 925 942 1013 Y)
965 933 1141 993 lectionibus
1168 934 1299 991 recensio

131 1020 312 1094 Stobaeana,
345 1021 376 1077 in
407 1020 492 1079 libris
519 1020 617 1080 1301)
649 1021 772 1080 traditio
805 1020 969 1098 excerptori
1002 1024 1107 1099 ignota
1139 1021 1300 1080 clarissime
1413 1093 1417 1100 ι

130 1108 373 1184 deprehenditur,
396 1110 440 1167 ita
464 1111 612 1184 scriptura
635 1111 728 1168 totius
751 1110 884 1169 familiae
903 1102 946 1191 (A
953 1101 1050 1191 oss)
1069 1112 1191 1186 propria
1214 1128 1300 1185 prae-

130 1199 244 1256 clarum
268 1200 298 1255 et
320 1199 437 1274 insigne
459 1198 626 1272 exemplum
649 1199 793 1257 conflatae
816 1200 977 1257 memoriae
1001 1201 1057 1276 est,
1086 1218 1176 1274 quam
1199 1216 1301 1257 omnes

129 1286 221 1345 libros
241 1286 411 1345 Platonicos
430 1288 482 1360 qui
506 1289 603 1345 aerius
625 1288 786 1345 intuuntur
803 1307 875 1363 prae
894 1306 924 1346 se
942 1287 1020 1346 ferre
1038 1289 1230 1363 perspiciunt.
1268 1289 1301 1346 at

130 1378 191 1432 iam
219 1377 292 1449 quot
319 1374 483 1449 peculiares
508 1377 541 1432 111
567 1377 668 1449 partes
696 1376 767 1434 libri
793 1378 889 1434 nostri
917 1376 1070 1434 discedant
1093 1394 1146 1435 nos
1169 1375 1302 1434 nondum

131 1465 268 1521 accurate
295 1464 479 1539 exploratum
507 1462 616 1521 habere
642 1466 675 1521 in
702 1484 737 1523 eo
765 1466 811 1523 est
837 1468 872 1522 ut
897 1483 1077 1524 moneamus
1114 1483 1182 1523 cum
1205 1464 1301 1522 adhuc

130 1554 227 1610 instar
249 1553 334 1610 testis
357 1553 446 1610 unius
470 1551 584 1610 codices
604 1552 699 1611 Bor)
722 1555 795 1610 111111
823 1555 913 1628 atque
936 1546 1028 1612 libros
1052 1545 1199 1634 (Ades)
1224 1555 1254 1610 et
1271 1553 1304 1610 E

132 1633 177 1721 (A
184 1639 282 1699 CEH
283 1641 309 1698 J
310 1639 340 1696 L
348 1631 385 1719 Y)
404 1640 610 1714 habuerimus,
633 1641 831 1699 clarissimum
849 1660 912 1700 esse
930 1661 1008 1700 nunc
1027 1645 1158 1700 statuere
1177 1643 1302 1700 interest

131 1749 223 1786 unum
246 1729 427 1804 archetypos
449 1728 593 1804 refingere
618 1749 655 1787 ne
678 1749 713 1788 ex
735 1732 773 1788 iis
802 1731 922 1805 quidem
950 1733 1001 1805 qui
1025 1732 1196 1805 saepissime
1223 1731 1302 1788 inter

131 1836 161 1874 se
175 1819 294 1892 proprie
308 1818 480 1891 conspirant
489 1817 638 1876 codicibus
652 1818 751 1893 licere,
759 1819 818 1877 nisi
827 1819 1006 1894 ubicumque
1019 1818 1110 1877 iidem
1123 1819 1194 1876 libri
1203 1837 1303 1878 secum

131 1905 314 1982 discordant,
337 1905 380 1962 ibi
402 1906 497 1963 altera
519 1924 589 1980 pars
612 1926 715 1965 eorum
736 1908 843 1966 menda
866 1908 978 1966 recenti
995 1907 1120 1965 laborat.
1157 1907 1203 1965 ita
1223 1907 1301 1965 dica-

131 2012 195 2051 mus
215 2011 331 2052 necesse
350 1993 416 2066 erit,
439 1994 555 2052 etiamsi
575 1994 670 2054 BOD
693 2014 787 2070 aeque
812 2015 845 2053 ac
864 1986 906 2075 (A
913 1988 1010 2077 dds)
1030 1998 1060 2054 et
1078 1997 1110 2052 Ε
1127 1989 1278 2076 (ΛΟΕΗ
1279 1996 1306 2054 J

130 2073 206 2162 ΕΤ)
230 2081 428 2156 peculiaribus
447 2082 601 2157 scripturis
624 2084 761 2158 plurimis
784 2085 863 2141 inter
881 2103 911 2142 se
930 2087 1104 2160 congruant,
1130 2086 1230 2142 tamen
1248 2102 1303 2142 nec

132 2170 227 2229 1301>
254 2189 308 2229 nee
334 2162 481 2250 (Ales)
512 2174 565 2229 aut
592 2172 624 2229 E
653 2163 907 2252 (AOEHJLY)
940 2172 977 2230 ab
1005 2191 1066 2230 una
1098 2173 1190 2248 stirpe
1222 2174 1302 2230 totos

132 2261 245 2327 tractos
263 2258 366 2317 videri.
398 2278 432 2317 ac
451 2260 579 2333 primum
599 2259 720 2334 quidem
739 2280 807 2318 cum
824 2261 883 2320 loci
902 2261 1020 2319 obviam
1040 2263 1099 2319 sint
1114 2261 1211 2336 qualis
1229 2262 1301 2336 legi-

131 2350 181 2406 tur
198 2368 226 2423 p.
244 2349 317 2422 326,
334 2349 352 2405 3
372 2347 425 2406 ubi
443 2348 479 2406 de
497 2347 581 2405 libris
601 2337 749 2430 (Aoos)
772 2369 849 2409 unus
869 2340 928 2431 (Φ)
948 2368 1015 2408 cum
1035 2349 1161 2409 Stobaeo
1181 2350 1300 2408 διιπτα-

132 2433 209 2509 μένη
230 2436 357 2508 exhibet,
376 2428 487 2517 (AGs)
507 2455 573 2494 eum
592 2437 659 2496 aliis
683 2438 862 2496 membranis
881 2438 1014 2497 Platonis
1035 2437 1071 2496 ad
1090 2439 1303 2512 antiquitatem

133 2523 288 2583 ascendere
307 2525 461 2598 videntur,
486 2524 577 2583 libros
596 2525 729 2602 singulos
747 2527 880 2585 familiae
901 2518 942 2606 (A
952 2518 1047 2606 (aas)
1068 2546 1083 2586 e
1102 2529 1193 2584 variis
1211 2527 1302 2584 fonti-

132 2613 187 2672 bus
216 2615 392 2672 constitutos
420 2631 483 2671 esse
511 2613 675 2671 indicatum
703 2615 853 2674 habemus.
895 2615 1000 2674 deinde
1033 2617 1169 2689 quamvis
1198 2615 1302 2673 multis

132 2702 308 2760 lectionibus
327 2703 512 2778 gravissimis
531 2701 601 2760 libri
614 2702 710 2762 Bor)
730 2705 884 2779 areliquis
899 2704 1034 2762 omnibus
1048 2703 1183 2762 Platonis
1198 2703 1302 2760 distin-

133 2792 272 2865 guantur,
290 2792 321 2848 et
340 2810 406 2848 eum
425 2790 523 2848 locum
542 2809 692 2848 occurrere
711 2791 866 2850 fatendum
889 2796 935 2851 est
956 2791 1008 2849 ubi
1026 2795 1090 2866 ipse
1109 2792 1139 2849 B
1156 2809 1303 2849 unacum

135 2877 350 2937 Omemoriam
375 2876 502 2937 Stobaeo
530 2878 687 2952 probatam
715 2881 817 2938 classis
841 2880 873 2937 E
894 2871 1072 2959 (AOEHJ
1073 2880 1102 2938 L
1111 2882 1197 2938 ΤΓΔ
1205 2870 1302 2960 ode)

132 2968 275 3042 sequitur,
293 2967 324 3024 D
342 2984 418 3025 unus
437 2986 540 3025 verum
557 2959 722 3047 rettulit2),
746 2970 777 3026 et
799 2988 867 3026 eum
885 2968 938 3026 ubi
957 2968 1020 3028 Bc
1041 2987 1059 3026 a
1077 2969 1159 3027 fonte
1178 2970 1302 3042 antiquo

132 3055 259 3130 pendere
278 3055 445 3130 eclogarius
464 3054 632 3130 coufirmat,
656 3058 790 3116 attamen
813 3056 924 3115 librum
944 3056 1085 3132 Cipsum
1105 3075 1222 3131 quoque
1241 3058 1302 3114 tra-

132 3143 245 3202 ditione
262 3145 361 3217 prisea
379 3146 427 3202 uti
444 3145 509 3202 veri
527 3144 712 3203 simillimum
731 3138 812 3224 1113)
841 3146 967 3220 denique
986 3165 1053 3203 cum
1072 3145 1110 3203 ad
1128 3146 1302 3203 memoriam

112 3231 333 3291 ‘Stobaeanam
356 3233 500 3290 enostris
523 3232 608 3290 libris
630 3232 831 3310 refingendam
855 3236 973 3307 praeter
998 3234 1127 3292 codicem
1154 3235 1186 3291 Ε
1212 3234 1303 3292 etiam

132 3322 223 3379 libros
251 3312 504 3401 (AOEHJLY)
537 3320 676 3379 adhibere
707 3340 825 3381 necesse
852 3323 957 3397 fuerit,
979 3324 1080 3381 tamen
1107 3342 1136 3396 p.
1157 3323 1234 3396 327,
1261 3322 1301 3379 14

132 3410 167 3467 de
199 3409 315 3466 familia
338 3408 370 3465 Ε
398 3400 443 3489 (A
450 3408 576 3468 CEHJ
576 3401 651 3489 ΕΤ)
684 3429 759 3469 unus
787 3412 819 3469 Ε
841 3411 999 3469 lectionem
1031 3412 1210 3485 excerptoris
1243 3406 1302 3468 οὐκ

133 3494 165 3558 ἐξ
211 3492 406 3569 ἀδικωτέρου
447 3496 554 3573 tradit,
605 3497 739 3556 codicum
784 3491 961 3578 (AOEHJ
962 3499 991 3557 L
999 3492 1038 3580 Y)
1079 3501 1229 3573 scriptura
1270 3494 1302 3560 ἐξ

133 3581 328 3659 ἀδικωτέρου
365 3588 396 3642 11
432 3587 568 3644 veritatis
605 3589 701 3661 specie
733 3587 868 3662 splendet
900 3590 930 3647 et
965 3590 997 3645 in
1030 3584 1192 3646 Oxoniensi
1223 3586 1301 3645 libro

132 3676 264 3733 recurrit.

222 3781 280 3837 quo
298 3762 398 3837 plures
414 3763 513 3820 autem
526 3765 709 3822 recensiones
723 3766 861 3839 propriae
875 3764 1052 3839 Phaedonis,
1072 3782 1198 3839 quarum
1212 3781 1302 3839 quae-

134 3871 190 3925 que
209 3870 276 3910 oum
295 3848 422 3909 Stobaeo
441 3853 614 3925 comparata
628 3854 743 3910 variam
762 3853 955 3911 traditionem
968 3855 1098 3928 priscam
1113 3871 1212 3911 secum
1225 3853 1302 3910 ferre

133 3940 258 4015 videtur,
278 3939 361 3998 nobis
381 3940 552 4014 suppetunt,
571 3942 717 4000 eominus
732 3960 834 3999 earum
848 3944 980 4001 omnium
995 3944 1141 4019 originem
1155 3960 1173 3998 a
1187 3940 1302 3999 duobus

132 4029 251 4086 tantum
268 4028 352 4086 libris
371 4028 520 4087 veteribus
538 4031 672 4103 repetere
690 4032 796 4105 opinor
820 4031 865 4088 fas
889 4033 954 4089 erit.
991 4032 1021 4089 et
1039 4032 1216 4106 praesertim
1235 4048 1303 4087 cum

224 4233 249 4299 1)
267 4248 295 4298 p.
311 4237 352 4284 35.
445 4233 472 4300 2)
491 4232 524 4285 ef.
541 4250 567 4300 p.
584 4237 674 4300 326‚1
695 4237 711 4302 ᾗ
732 4276 758 4292 ,,
777 4276 782 4287 .
803 4235 976 4301 ἀποθνῄεκει.
995 4233 1059 4287 vide
1078 4239 1162 4302 1130.

224 4305 250 4371 3)
270 4301 471 4371 1111321125
491 4305 524 4356 τὸ
543 4306 573 4358 δὲ
593 4306 628 4358 δι’
646 4304 803 4372 αἰεθήεεων,
822 4303 886 4357 vide
904 4310 989 4371 1132.
