2958 4770
172 157 215 222 14
619 155 753 212 Erneetus
772 154 882 212 Bickel:

169 327 294 385 leniores
313 325 497 384 differentias
514 327 677 401 scripturae
696 325 901 385 memorabiles
920 345 982 385 esse
1001 326 1147 401 videntur,
1165 327 1217 384 ubi
1235 326 1355 387 menda

170 417 274 492 aperta
297 416 395 473 textus
415 414 575 474 Stobaeani
597 417 629 472 in
653 415 780 491 singulis
796 414 880 474 libris
899 415 1033 474 Platonis
1051 419 1213 474 recurrunt.
1252 419 1353 492 atque

170 504 224 562 1111
242 504 322 562 11111
340 507 375 561 ut
394 502 430 561 ab
449 504 486 562 111
506 521 686 562 secernerem
705 503 811 578 quibus
830 506 920 579 quasi
929 504 1123 563 fundamento
1138 506 1352 579 quaestionem

169 593 226 650 niti
244 593 335 666 volui,
354 610 372 649 a
390 611 437 649 me
455 593 615 667 impetrare
633 611 693 649 non
711 593 809 666 potui3
827 593 901 652 locis
915 594 1023 652 1111111
1035 592 1138 668 εμζ11
1152 612 1197 652 res
1211 595 1352 653 minutas

169 683 252 739 casui
270 682 360 755 atque
377 681 515 739 licentiae
529 680 693 739 scribarum
706 681 848 740 obnoxias
862 684 999 756 spectant
1013 682 1116 740 classis
1131 683 1352 743 alteraearum

169 769 330 828 lectionum
352 770 503 827 variarum
526 771 717 828 constituitur
741 788 814 844 quas
832 771 923 829 tacite
942 772 1026 829 extra
1045 770 1279 845 disputationem
1299 792 1351 830 re

169 860 266 933 linqui
284 859 396 916 iustum
414 860 462 917 sit.

258 948 313 1006 1111
330 949 461 1005 rationes
484 949 601 1005 secutus
626 945 770 1005 tabellam
787 949 832 1006 ita
850 947 986 1022 instruxi,
1004 949 1039 1005 ut
1057 948 1089 1005 in
1107 948 1205 1006 fronte
1224 949 1289 1007 eius
1310 948 1350 1006 de
1461 996 1462 999 ,

168 1035 345 1095 lectionibus
374 1054 451 1110 quae
475 1033 602 1094 Stobseo
630 1054 697 1094 cum
724 1036 849 1113 singulis
877 1036 1012 1111 partibus
1040 1038 1160 1095 nostrae
1182 1038 1351 1095 memoriae

170 1142 340 1183 communes
363 1127 433 1182 sunt
455 1142 507 1183 eae
531 1143 606 1199 quae
629 1126 747 1199 spuriae
771 1124 910 1183 videntur
932 1143 1045 1200 omnes,
1069 1126 1215 1200 reliquae,
1237 1125 1351 1184 dubiae

170 1215 201 1272 et
224 1232 324 1290 verae,
351 1214 469 1272 tanturn
493 1232 527 1271 ex
550 1214 636 1288 parte
660 1212 814 1290 legantur3
846 1213 882 1271 de
906 1212 1003 1271 dubiis
1027 1232 1078 1272 eae
1104 1213 1210 1273 desunt
1238 1213 1351 1289 quibus
1461 1256 1462 1289 3

170 1303 265 1361 lenior
284 1301 451 1361 differentia
468 1303 627 1360 memoriae
643 1301 754 1376 subest,
772 1300 808 1359 de
822 1301 899 1360 veris
919 1321 970 1360 eae
985 1321 1060 1376 quae
1075 1302 1247 1361 certissimis
1262 1304 1349 1361 vitiis
1461 1314 1462 1381 l

171 1392 356 1467 singulorum
374 1391 423 1449 vel
441 1408 603 1466 paucorum
621 1390 765 1448 librorum
778 1390 913 1449 Platonis
932 1393 1130 1466 opponuntur.
1164 1393 1213 1449 cui
1230 1391 1349 1466 primae

171 1481 259 1539 classi
280 1473 442 1538 lectionum
462 1478 583 1537 Stobaei
607 1498 622 1536 e
645 1477 748 1537 dextra
771 1479 908 1537 columna
930 1479 1060 1539 tutellae
1083 1481 1244 1556 scripturas
1269 1481 1349 1539 eius-

170 1568 252 1627 modi
273 1567 449 1644 respcndere
472 1567 586 1626 videbis
610 1586 685 1642 quae
708 1569 833 1644 singulis
856 1567 940 1626 libris
960 1567 1122 1627 Platonicis
1145 1569 1193 1626 vel
1221 1568 1348 1627 familiis

171 1657 297 1734 singulis
316 1674 418 1715 eorum
436 1655 565 1715 traditae
585 1659 637 1714 aut
655 1674 742 1715 verae
761 1656 822 1714 sint
841 1658 894 1715 aut
906 1659 1043 1716 veritatis
1062 1657 1189 1732 speciem
1208 1660 1348 1732 quamvis

171 1765 296 1821 parvam
313 1745 483 1821 praebeant.
520 1764 580 1803 una
599 1747 699 1804 autem
717 1745 827 1803 lineola
845 1764 863 1803 a
879 1747 1010 1804 numeris
1024 1747 1202 1823 paginarum
1214 1749 1347 1805 remotos

172 1853 221 1894 eos
244 1836 326 1893 loces
349 1834 496 1909 invenies,
518 1834 570 1892 ubi
589 1832 733 1893 Stobaeus
752 1852 819 1892 oum
843 1834 1020 1909 quibusdam
1038 1834 1186 1893 codicibus
1210 1833 1347 1893 Platonis
1461 1902 1462 1907 η

171 1922 274 1982 formis
301 1921 447 1998 rebusque
471 1922 596 1981 minutis
624 1922 735 1981 talibus
763 1925 900 2000 congruit
928 1941 1001 1997 quas
1029 1925 1082 1981 aut
1108 1924 1213 1998 pateat
1236 1942 1251 1981 e
1275 1923 1347 1982 stilo

171 2011 306 2071 Platonis
324 2011 442 2071 fluxisse
462 2013 515 2069 aut
533 2012 687 2087 scriptuuie
707 2011 892 2070 obstantibus
911 2029 997 2087 pares
1014 2029 1084 2070 esse.
1122 2011 1228 2086 quibus
1243 2013 1346 2070 lectio-

171 2100 258 2159 nibus
276 2102 308 2157 in
326 2099 430 2158 dextra
449 2100 587 2158 laterculi
605 2100 743 2158 columna
761 2101 925 2175 scripturae
949 2102 1002 2159 aut
1020 2118 1088 2158 vere
1112 2099 1268 2177 ambiguae
1293 2102 1347 2158 aut

172 2208 223 2248 eae
242 2207 319 2264 quae
337 2207 393 2247 usu
412 2188 566 2247 Platonico
585 2189 659 2247 satis
677 2191 810 2264 respecto
828 2187 1039 2264 improbandae
1058 2190 1128 2247 sunt
1146 2191 1345 2265 opponuntur.

170 2277 294 2337 tertium
312 2277 438 2352 denique
462 2277 590 2335 tabellae
609 2278 707 2336 locum
724 2278 795 2335 illae
815 2275 935 2337 Stobaei
954 2278 1095 2337 lectiones
1114 2277 1250 2336 obtinent
1268 2296 1345 2352 quae

172 2369 206 2424 ut
228 2366 331 2442 procul
355 2365 444 2424 dubio
467 2368 613 2443 genuinae
638 2368 719 2441 sunt,
744 2367 785 2424 111
812 2367 844 2424 in
867 2367 1016 2441 plerisque
1042 2366 1186 2424 librorum
1209 2365 1345 2424 Platonis

172 2459 341 2529 recurrunt3
378 2454 487 2530 quibus
515 2453 691 2513 lectionibus
719 2457 818 2513 errata
844 2455 935 2530 plana
963 2455 1150 2532 singulorum
1177 2456 1345 2530 pluriumve
1460 2516 1461 2529 2

174 2543 307 2603 codicum
326 2543 547 2602 Platonicorum
565 2542 752 2618 respondent

260 2651 363 2691 verum
381 2651 448 2690 curn
466 2632 502 2690 de
520 2633 594 2691 locis
613 2632 720 2707 quibus
738 2632 808 2690 libri
821 2632 956 2691 Platonis
974 2632 1118 2691 vacillant
1135 2632 1215 2691 haud
1233 2649 1344 2708 paucos

172 2723 204 2780 in
217 2722 273 2780 hac
288 2722 460 2795 quaestione
475 2721 703 2780 contemnendos
718 2739 780 2781 esse
794 2721 934 2796 probasse
947 2715 1022 2779 mihi
1034 2720 1145 2795 videar,
1164 2721 1344 2796 aliquotiens

171 2813 272 2869 tamen
290 2812 437 2868 rationem
455 2809 576 2868 reddere
594 2829 649 2884 par
666 2810 722 2868 erit
741 2828 793 2868 cur
810 2810 864 2869 hos
878 2809 946 2869 illos
964 2811 1045 2869 locos
1063 2810 1095 2867 in
1110 2827 1231 2868 numero
1246 2810 1345 2886 negle-

172 2898 334 2976 gendorum
357 2900 561 2957 recensuerim.
602 2899 649 2956 his
671 2898 766 2975 igItur
788 2918 823 2958 ex
850 2898 1091 2957 adnotationibus
1119 2890 1344 2979 appendicem¹)

173 2988 284 3046 factam
311 2987 407 3061 vides,
438 2989 471 3045 in
503 3005 562 3062 qua
593 2986 707 3045 indoles
739 2987 873 3047 codicum
905 2988 1089 3064 singulorum
1115 2987 1250 3047 Platonis
1281 2989 1345 3045 tam

172 3076 285 3134 mendis
295 3095 396 3134 eorum
407 3074 592 3152 gravioribus
602 3094 693 3150 quam
702 3076 916 3153 orthographia
925 3078 1065 3151 corrupta
1073 3076 1176 3135 formis
1186 3075 1345 3134 subditivis
1459 3116 1460 3151 q

171 3166 332 3223 inlustrata
351 3166 409 3238 est,
433 3164 537 3222 deinde
558 3183 682 3239 quorum
701 3165 857 3224 verborum
875 3166 1003 3224 formam
1021 3165 1168 3241 duplicem
1186 3165 1274 3224 Plato
1294 3164 1343 3222 ad-

172 3253 311 3327 hibuerit,
330 3252 507 3329 expeditum.
545 3253 792 3328 quemadmodum
811 3256 911 3312 autem
929 3272 988 3329 qua
1007 3252 1220 3330 orthographia
1238 3252 1344 3328 quibus

171 3342 275 3400 formis
289 3342 465 3419 Plato—usus
485 3343 525 3400 sit
543 3343 667 3420 singulis
685 3342 758 3401 locis
776 3362 829 3417 per
848 3361 878 3401 se
897 3343 1038 3418 spectatis
1057 3341 1163 3417 dispici
1181 3360 1240 3400 non
1258 3360 1344 3418 posse

172 3433 299 3505 constat,
322 3431 367 3489 ita
390 3430 428 3487 ad
452 3449 519 3489 eum
541 3432 639 3489 locum
662 3450 720 3505 quo
744 3432 862 3490 diversa
884 3430 1015 3489 eiusdem
1037 3430 1175 3489 vocabuli
1198 3428 1344 3507 scriptura

172 3521 269 3595 primo
288 3537 318 3577 se
338 3517 456 3577 obviam
475 3518 563 3595 dedit,
583 3519 784 3578 condicionem
798 3520 965 3598 generalem
978 3519 1066 3579 unius
1082 3519 1223 3594 cuiusque
1237 3510 1345 3578 codicis
1458 3506 1459 3559 3

172 3608 321 3666 Platonici
337 3606 539 3683 librorumque
558 3606 793 3667 Stobaeanorum
811 3608 986 3667 adumbrare
1004 3607 1116 3666 iustum
1133 3609 1246 3684 putavi.
1284 3626 1344 3666 cer·

171 3698 273 3754 tarum
292 3698 392 3756 autern
411 3697 597 3771 quarundam
618 3697 781 3756 formarum
799 3698 945 3774 explicato
964 3716 1020 3756 usu
1037 3697 1192 3756 Platonico
1211 3699 1253 3755 sic
1272 3696 1345 3754 mihi

172 3785 284 3843 indulsi
302 3787 337 3842 ut
354 3785 386 3842 in
403 3785 523 3844 tabellis
542 3785 724 3846 differentias
744 3785 782 3844 ad
800 3786 911 3846 formas
931 3785 1048 3845 easdem
1068 3787 1235 3861 spectantes
1255 3785 1345 3843 adno-

172 3875 237 3932 tare
260 3866 472 3955 desistereml)

264 4046 290 4112 1)
309 4044 393 4096 notae
411 4042 441 4096 in
459 4043 572 4098 tabellis
592 4044 699 4110 obviae,
718 4044 827 4098 numeri
845 4061 895 4113 per
910 4060 1005 4098 omnes
1022 4043 1134 4113 eclogas
1149 4042 1247 4098 ordine
1260 4041 1343 4098 unico

173 4114 304 4183 producti
323 4114 359 4166 ad
379 4113 564 4183 appendicem
581 4117 717 4184 spectant.

263 4188 290 4254 2)
313 4185 355 4238 ita
378 4184 464 4239 semel
487 4186 660 4255 significasse
684 4187 831 4239 contentus
854 4185 896 4239 fui
920 4186 1345 4255 1111111111γ1νε1911111γ1-

173 4261 291 4324 ruerem,
310 4262 358 4312 ξυν
375 4273 426 4325 pro
445 4274 501 4323 ων,
521 4259 607 4311 αὑτοῦ
626 4272 676 4326 pro
695 4259 809 4324 ἑαυτοῦ,
836 4259 980 4326 odrwpro
1000 4259 1098 4326 obruar,
1118 4258 1290 4326 11111111,
1310 4258 1344 4311 ἄν
1456 4252 1457 4269 ’

173 4344 223 4399 pro
247 4328 308 4395 ἐάν,
331 4329 367 4381 τὰ
390 4329 461 4381 αὐτά
485 4344 535 4395 pro
558 4330 659 4396 ταύτά,
682 4327 751 4381 item
774 4327 952 4382 omissionem
974 4326 1087 4382 litterae
1109 4347 1125 4381 v
1147 4328 1343 4400 paragogieae.
1456 4324 1457 4361 l
