2958 4770
302 197 344 250 De
361 195 473 250 Ioannis
493 193 607 249 Stobaei
626 193 764 262 excerptis
783 192 936 247 Platonicis
974 192 1009 246 de
1027 192 1183 247 Phaedone.
1288 191 1330 256 29

161 365 193 422 E
210 357 255 445 (A
262 363 388 424 OEHJ
389 364 418 422 L
426 355 464 444 T)
489 366 589 422 autern
611 363 730 438 praeter
756 361 824 420 illos
851 362 931 420 locos
955 361 1007 418 ubi
1029 363 1167 420 universa
1189 362 1331 419 memoria

161 455 359 512 recentiorum
377 454 521 511 librorum
540 470 558 509 a
578 449 744 509 Stobaeana
762 450 887 523 recedit,
911 451 1010 509 cuncti
1027 451 1145 508 tantum
1163 450 1209 508 bis
1228 449 1264 507 ab
1284 469 1331 507 ex-

162 543 295 617 cerptore
314 541 495 617 discrepant3
514 541 549 599 cf.
564 559 593 615 p.
609 540 683 613 327,
699 540 716 597 5
733 534 922 611 (κεψώμεθα
939 558 993 615 313
1012 537 1110 598 τοῦτο
1130 533 1188 597 οὖν
1208 535 1329 610 (κεψώ-

162 631 242 703 μεθα
260 652 288 706 p.
305 632 377 704 329,
394 630 434 687 18
455 625 574 704 ὁρατὸν
594 622 673 687 εἶναι
692 646 746 703 313
765 623 885 701 ὁρατὸν
908 623 927 700 ἢ
947 621 1089 701 ἀόρατον
1109 622 1197 686 εἶναι.
1228 628 1331 702 113333

162 738 346 777 communem
365 718 537 777 memoriam
554 718 660 775 1131313
678 716 831 790 librorum,
859 716 994 790 quamvis
1020 717 1130 793 singuli
1156 717 1204 774 vel
1231 716 1330 791 plures

161 826 263 865 eorum
282 808 372 865 311313
395 807 463 865 31113
482 806 555 865 13313
575 806 612 864 ab
631 805 804 881 anthologia
823 805 1001 863 dissentiant
1020 798 1071 886 (cf.
1089 825 1117 879 p.
1139 806 1213 879 327,
1234 806 1274 862 14
1299 800 1331 866 ἐξ
1379 857 1383 864 ,

162 890 357 968 ἀδικωτέρου
380 915 434 970 313
458 891 517 954 οὐκ
541 890 572 955 ἐξ
597 888 791 967 ἀδικωτέρου
817 914 845 969 p.
866 895 940 967 328,
960 895 978 952 3
999 889 1145 952 ἐναντίον
1164 912 1218 968 313
1239 889 1330 951 ἐναν-

161 978 230 1042 τίον
250 978 306 1056 μέν
325 1004 353 1059 3.
370 985 443 1057 328,
459 983 499 1041 25
520 978 695 1053 ἀναγκαῖον
713 1001 768 1058 313
787 977 963 1052 ἀναγκαῖον
987 977 1091 1041 οὕτω(
1110 977 1195 1054 ἔχειν
1213 983 1332 1057 3330,

163 1073 204 1130 28
225 1066 375 1151 ἀθανάτῳ
394 1076 457 1147 pro'
469 1066 619 1150 ἀθανάτῳ
638 1067 689 1129 καὶ
707 1072 814 1150 νοητῷ
833 1091 861 1146 p.
878 1071 951 1144 331,
968 1073 1008 1128 14
1028 1071 1066 1149 τῇ
1090 1065 1169 1149 αὐτῇ
1188 1089 1243 1146 313
1266 1086 1330 1129 τοι·

163 1154 242 1239 αύτῃ
262 1180 291 1235 p.
307 1161 379 1235 331,
397 1162 437 1219 15
457 1155 589 1233 μάλῑετα
607 1178 661 1235 313
681 1151 789 1240 μάλα),
808 1161 930 1235 3133133
951 1178 1040 1232 33313
1057 1159 1186 1233 13113333
1200 1159 1331 1218 familias

162 1248 296 1306 codiornn
314 1248 538 1308 Platonicorum
557 1248 594 1306 ab
612 1249 659 1307 his
679 1248 788 1325 eclogis
808 1248 909 1306 abesse
928 1247 1119 1306 statuendum
1137 1251 1188 1306 est.

249 1337 400 1395 simillime
415 1340 509 1414 igitur
526 1337 573 1396 his
588 1336 695 1413 capitis
709 1335 804 1393 XLIX
818 1336 997 1395 testimoniis
1012 1339 1102 1411 31333
1117 1337 1219 1413 ecloga
1234 1332 1278 1395 ὠ(
1289 1382 1295 1394 .
1307 1383 1331 1395 ..

159 1419 221 1497 ἡδύ
244 1427 379 1501 31331133
402 1427 543 1484 133113333
566 1426 730 1484 1333311313
752 1425 896 1482 librorum
915 1425 947 1482 E
964 1417 1009 1504 (A
1016 1425 1115 1485 OEH
1116 1426 1142 1485 J
1144 1425 1173 1483 L
1181 1417 1219 1505 T)
1239 1427 1331 1502 pluri-

160 1531 225 1571 mas
244 1513 365 1589 probari
382 1513 469 1572 valde
487 1513 678 1573 memorabile
697 1515 749 1572 est.
782 1516 914 1571 attamen
928 1515 1033 1573 horum
1048 1517 1252 1590 excerptorum
1266 1533 1332 1572 cum

159 1602 339 1660 membranis
358 1603 390 1660 E
406 1594 451 1683 (A
459 1602 557 1662 OEH
558 1604 584 1663 J
585 1603 615 1660 L
623 1594 662 1682 Υ)
685 1620 859 1661 3333333313
885 1602 970 1660 illam
998 1621 1074 1678 quae
1096 1605 1175 1661 inter
1199 1604 1332 1680 eclogam

161 1685 206 1749 ὡ(
225 1737 231 1749 .
252 1736 258 1749 .
280 1737 285 1748 .
304 1686 365 1763 ἡδύ
384 1693 415 1749 31
432 1691 579 1750 familiam
598 1692 630 1749 E
645 1691 802 1749 intercedit
826 1694 1032 1768 cognationem
1052 1690 1217 1766 adaequare
1237 1691 1333 1750 adhuc

162 1779 266 1837 dubito
286 1779 389 1838 dicere.
421 1780 452 1837 in
470 1780 517 1839 his
536 1783 615 1838 enim
634 1780 778 1856 excerptis
797 1780 928 1856 amplam
947 1799 1017 1839 3333
1035 1783 1151 1856 partem
1166 1780 1332 1839 Phaedonis

163 1869 382 1926 continentibus
402 1870 492 1926 etiam
514 1869 573 1927 loci
596 1868 669 1927 33113
687 1869 776 1926 133111
798 1868 849 1926 nbi
869 1867 1014 1928 Stobaeus
1033 1888 1052 1927 3
1070 1870 1158 1928 classi
1176 1871 1208 1928 Ε
1225 1869 1332 1927 discre-

160 1957 228 2031 pat,
252 1975 318 2014 cum
342 1958 409 2015 aliis
433 1957 518 2015 libris
540 1956 676 2015 Platonis
702 1957 853 2032 conspirat
880 1960 1083 2032 occurrerunt3
1111 1960 1194 2017 cuius
1217 1959 1332 2035 generis

162 2045 220 2103 loci
243 2047 275 2102 in
297 2046 352 2103 1113
374 2045 481 2121 capitis
500 2044 525 2102 L
549 2046 651 2122 ecloga
673 2045 848 2122 paucissimi
866 2049 984 2105 tantum
1003 2065 1033 2106 33
1052 2047 1170 2105 obviam
1189 2039 1331 2126 dederel)

161 2133 255 2192 nihilo
269 2136 367 2192 minus
381 2136 482 2192 tamen
495 2135 563 2193 vide
585 2153 622 2192 ne
646 2135 752 2193 altiore
767 2135 908 2212 indagine
922 2135 1034 2194 firmari
1047 2136 1138 2194 liceat
1155 2136 1332 2212 cognatione

161 2222 249 2298 31333
273 2222 376 2282 cadem
397 2224 452 2282 has
479 2224 597 2299 eclogas
625 2225 714 2298 atque
733 2225 867 2300 eclogam
891 2219 934 2282 ὡ(
954 2219 1084 2297 ..ἡδύ
1104 2243 1171 2282 3313
1188 2224 1333 2300 peculiari

160 2313 303 2369 memoria
329 2311 463 2370 codicum
490 2312 522 2369 Ε
548 2305 726 2392 (ACEHJ
727 2311 756 2369 L
764 2305 802 2392 T)
836 2312 998 2370 cohaerere.
1045 2331 1150 2389 nempe
1178 2315 1332 2372 consenta-

161 2419 250 2458 neum
267 2399 396 2475 videtur,
415 2400 506 2459 etiam
525 2401 550 2457 si
568 2402 667 2458 textus
687 2399 871 2458 Stobaeanus
890 2401 928 2458 ad
946 2401 1025 2459 idem
1040 2402 1189 2477 exemplar
1202 2402 1332 2477 priscum

161 2488 329 2547 Phaedonis
349 2507 416 2547 cum
433 2489 550 2546 familia
569 2489 601 2546 Ε
617 2491 785 2547 3331131313
804 2488 947 2547 librorum
966 2490 1114 2566 ascendat,
1133 2492 1234 2548 tamen
1254 2509 1332 2548 com-

162 2578 258 2635 munis
286 2577 378 2636 fontis
405 2579 567 2655 imaginem
594 2595 689 2652 neque
717 2577 802 2635 libris
830 2577 995 2653 anthologii
1022 2596 1117 2652 neque
1144 2578 1278 2636 Platonis
1303 2579 1335 2636 Ε
1431 2623 1440 2636 ¹.

176 2664 311 2724 AOEH
313 2667 340 2725 J
341 2665 370 2723 L
378 2658 416 2746 T)
431 2666 579 2744 integram
593 2666 712 2725 servari.
735 2665 838 2740 itaque
852 2684 930 2723 nunc
944 2666 1136 2725 traditionem
1149 2666 1293 2725 librorum
1302 2668 1335 2724 Ε

177 2753 314 2813 ACEH
316 2755 343 2813 J
344 2754 374 2811 L
383 2746 421 2835 Y)
449 2757 481 2813 in
509 2754 707 2829 antiquiorem
739 2756 851 2813 statum
882 2754 1038 2813 restituere
1070 2755 1238 2814 conandum
1266 2757 1331 2813 erit.

160 2842 274 2901 sivero
302 2843 563 2920 circumspicimus,
582 2861 656 2919 quas
684 2842 825 2902 lectiones
855 2844 956 2902 classis
971 2844 1004 2901 Ε
1019 2846 1172 2919 tamquam
1199 2845 1331 2903 33113133

162 2930 276 2989 abicere
290 2931 336 2990 fas
351 2932 399 3006 sit,
414 2933 445 2990 id
460 2932 579 3007 quidem
592 2932 804 3009 postulandum
819 2951 881 2991 esse
900 2933 1074 3008 monuerim,
1092 2935 1127 2991 ut
1146 2934 1224 3008 quod
1243 2952 1332 3009 quae-

162 3039 218 3093 que
236 3021 326 3096 stirps
349 3039 449 3080 recens
463 3021 643 3097 pristinae
666 3021 836 3080 traditionis
847 3022 879 3079 Ε
896 3012 972 3100 (sive
988 3021 1131 3080 Stobaeus
1153 3024 1215 3081 3113
1229 3025 1332 3082 333113

160 3108 263 3166 3133313
268 3100 315 3186 Ε)
328 3127 426 3167 333313
433 3110 492 3167 fert
498 3110 655 3184 peculium,
661 3110 691 3167 id
699 3128 818 3185 prorsus
826 3110 885 3168 vile
893 3109 933 3167 sit
940 3130 1013 3168 3313
1021 3111 1159 3187 33133313
1167 3113 1331 3170 3313131313

159 3197 283 3255 testium
303 3196 354 3270 qui
372 3197 561 3255 Phaedonem
578 3197 703 3255 tradunt
721 3197 869 3273 probetur.
897 3217 966 3275 ergo
985 3199 1037 3256 ubi
1054 3200 1111 3256 hae
1126 3200 1245 3276 eclogae
1265 3219 1332 3258 cum

161 3285 229 3343 aliis
256 3285 340 3343 libris
368 3285 502 3345 Platonis
531 3288 620 3361 atque
648 3305 715 3344 omn
738 3287 771 3344 Ε
798 3278 843 3366 (Λ
850 3286 976 3346 ΟΕΗ]
977 3287 1006 3345 L
1015 3279 1053 3367 Y)
1081 3288 1209 3363 faciunt,
1236 3288 1279 3346 ibi
1302 3290 1334 3347 Ε

161 3366 206 3453 (Λ
214 3372 313 3433 OEH
313 3376 339 3433 J
340 3375 370 3432 L
378 3366 422 3454 T)
435 3375 555 3451 penitus
573 3374 641 3432 falli
659 3373 743 3433 nobis
763 3375 1026 3434 demonstrandum
1047 3378 1111 3435 erit.
1148 3377 1206 3436 nisi
1225 3377 1332 3436 saltem

161 3462 318 3538 plerasque
337 3464 486 3540 graviores
505 3465 686 3540 propietates
705 3464 838 3521 familiae
853 3465 885 3522 Ε
896 3466 1028 3524 33113133
1043 3484 1105 3524 3333
1119 3467 1242 3541 3133313
1255 3467 1331 3523 fece-

162 3552 255 3610 rimus
274 3551 420 3627 simulque
434 3553 692 3612 inlustraverimus
705 3552 789 3610 illam
803 3552 996 3612 traditionem
1008 3555 1138 3629 priscam
1156 3554 1332 3629 Phaedonis,

160 3658 251 3715 quam
275 3640 311 3697 ab
337 3643 474 3717 excerpto
498 3637 541 3700 ὡ(
635 3637 695 3714 ἡδύ
720 3641 848 3699 alienam
870 3641 954 3700 libris
978 3642 1075 3702 1301)
1101 3643 1195 3702 inesse
1217 3643 1331 3700 131331-

160 3746 239 3802 mus,
262 3728 406 3787 contineri
429 3730 583 3805 scripturis
607 3749 625 3788 a
654 3729 782 3789 Stobaeo
810 3730 933 3789 diversis
962 3730 1096 3789 codicum
1119 3731 1215 3791 BOD
1240 3731 1332 3790 etiam

159 3818 191 3874 in
220 3837 255 3876 ea
281 3819 367 3893 33113
394 3817 560 3877 Phaedonis
588 3837 680 3894 quam
706 3819 763 3876 hae
795 3819 914 3895 eclogae
942 3820 1191 3896 complectuntur:
1223 3820 1330 3896 3331113

161 3903 233 3979 περὶ
257 3906 362 3979 ψυχῆς
381 3906 553 3965 1331113οηὶ3
572 3926 606 3964 31
626 3907 728 3965 eodem
745 3908 828 3966 fonte
848 3910 938 3983 atque
961 3909 1095 3986 eclogam
1118 3904 1162 3967 ὡ(
1186 3956 1192 3967 .
1213 3955 1219 3966 .
1240 3955 1245 3967 .
1269 3903 1330 3980 ἡδύ

160 4013 295 4054 manasse
314 3995 373 4054 dici
391 3996 503 4071 nequit.
539 3997 584 4053 ita
607 4015 669 4053 rem
692 3996 724 4053 in
743 4014 777 4054 eo
797 4014 858 4055 esse
876 3999 974 4071 patet,
996 3999 1030 4055 ut
1054 3998 1238 4073 exploremus
1257 4015 1330 4071 quas

161 4085 359 4158 proprietates
382 4085 484 4144 classis
503 4085 535 4142 Ε
551 4086 667 4159 3331133
691 4102 752 4143 3333
775 4085 927 4159 probabile
946 4086 993 4143 sit.
1030 4086 1135 4145 deinde
1153 4106 1222 4145 1313
1242 4105 1329 4162 3333-

161 4190 286 4247 cumque
303 4174 444 4232 lectiones
459 4174 643 4250 singulorum
657 4173 791 4232 codicum
805 4173 1027 4232 Platonicorum
1041 4193 1059 4232 a
1074 4173 1201 4234 Stobaeo
1216 4176 1330 4234 alienae

251 4363 276 4434 1)
297 4360 380 4417 sicuti
399 4378 426 4432 p.
442 4365 502 4429 417,
518 4365 551 4414 22
571 4362 667 4416 ἔοικεν.
