2958 4770
151 162 195 225 30
607 162 740 217 Ernestus
759 162 869 217 Bickel:

151 350 186 388 ex
206 331 387 406 antiquitate
405 332 503 389 ortum
521 331 638 390 trahere
657 330 805 405 videntur,
822 331 860 388 iis
878 332 910 388 in
929 351 1022 388 unum
1040 332 1187 408 congestis
1205 333 1322 391 intuen-

151 419 222 477 dum
250 420 321 494 erit,
348 439 420 477 num
447 420 543 479 fontes
566 422 657 495 prisci
680 421 783 496 quales
805 418 912 497 refingi
934 418 1055 494 debent,
1081 420 1223 479 classibus
1247 440 1323 496 quae

151 510 255 566 extant
273 508 417 565 librorum
435 508 658 568 Platonicorum
675 508 882 584 respondeant.

240 597 387 672 plmu'mas
407 599 506 655 autem
520 597 661 657 lectiones
681 616 754 673 quas
769 597 839 655 libri
852 597 1028 656 recentiores
1042 595 1177 657 Platonis
1193 597 1323 658 Stobaeo

150 687 247 743 invito
270 686 422 761 praebent,
440 688 576 744 veritatis
594 687 691 762 specie
709 704 809 746 carere
830 686 1047 745 concedendum
1066 689 1119 744 est.
1156 687 1251 745 veluti
1269 687 1322 745 du-

98 830 101 833 .
151 775 243 832 bitari
261 774 365 849 nequit
383 776 457 848 quin
475 795 505 850 p.
520 775 593 848 325,
610 777 650 833 19
671 767 713 855 (p.
730 765 823 853 6911)
842 775 997 833 collocatio
1017 774 1105 833 δοκεῖ
1123 770 1230 849 ἔμοιγε
1246 795 1323 852 quae

149 881 204 939 pro
230 858 338 936 έμοιγε
362 862 449 922 δοκεῖ
473 865 504 920 in
527 863 611 922 libris
630 864 663 921 E
679 858 724 945 (A
732 863 888 923 OEHJL
898 854 1088 942 ΤΓΔΦο0)
1107 866 1255 939 reperitur
1277 885 1322 923 re-

151 951 284 1027 spuenda
303 954 350 1010 sit.
389 946 496 1026 ἔμοιγε
515 951 603 1011 δοκεῖ
622 971 711 1027 quam
730 970 816 1027 saepe
834 954 867 1010 in
880 950 1006 1010 Platone
1020 954 1157 1010 occurrat
1170 955 1322 1012 commode

148 1041 334 1118 intellegitur
343 1039 481 1116 perlectis
495 1042 598 1115 paucis
614 1040 728 1116 Gratyli
742 1042 860 1117 paginis
876 1042 939 1098 416
950 1039 978 1097 Α
992 1041 1055 1098 421
1068 1040 1092 1098 Ε
1108 1042 1172 1099 423
1184 1041 1208 1099 E
1220 1043 1284 1100 424
1294 1041 1323 1099 A

152 1127 251 1187 4250
276 1127 374 1189 4290
399 1127 496 1187 4300
525 1129 627 1187 4351)
654 1130 716 1188 439
728 1129 763 1187 D.
801 1128 853 1186 ubi
880 1147 949 1188 vero
977 1148 1139 1204 pronomen
1166 1119 1322 1206 personale

143 1209 242 1277 'verbo
261 1217 349 1276 borrei
366 1219 549 1293 postposuit,
572 1236 687 1294 semper
709 1219 836 1276 formam
854 1216 1018 1276 breviorem
1037 1234 1089 1292 μοι
1108 1219 1166 1276 nisi
1184 1220 1256 1295 quid
1274 1240 1322 1278 me

149 1306 229 1384 fugit
251 1306 338 1365 Plato
361 1297 554 1386 usurpavit.¹)
592 1306 697 1366 deinde
719 1327 749 1382 p.
771 1307 848 1381 326,
870 1307 909 1363 26
930 1297 972 1386 (μ.
995 1298 1088 1388 7011)
1110 1302 1222 1380 ῥάδιον
1241 1308 1323 1384 quod

150 1394 264 1454 codices
282 1395 431 1454 Platonici
454 1398 572 1470 praeter
595 1395 817 1471 antiquissimos
836 1394 933 1454 1301)
950 1413 1005 1471 pro
1029 1390 1110 1473 ῥᾷον
1129 1396 1324 1472 suppeditant

149 1485 284 1559 spmium
307 1501 370 1542 esse
392 1502 509 1558 censeo,
531 1502 598 1542 cum
622 1483 768 1558 quomodo
793 1479 905 1562 ῥᾴδιον
929 1502 964 1541 ex
987 1479 1068 1562 ῥᾷον
1090 1488 1155 1542 tam
1176 1485 1233 1544 hoc
1255 1486 1322 1545 loeo

152 1592 240 1647 quarn
256 1593 284 1648 p.
302 1573 363 1630 115
378 1572 403 1630 E
419 1576 449 1631 et
463 1571 542 1630 Orat.
559 1574 621 1631 392
633 1572 659 1629 B
672 1572 704 1629 in
718 1572 803 1631 libris
822 1572 999 1648 quibusdam
1013 1575 1112 1631 ortum
1126 1574 1166 1632 sit
1179 1574 1323 1634 facillime

150 1662 322 1737 explicetur.
358 1661 499 1719 nimirum
516 1680 631 1737 papyro
651 1659 778 1738 Gorgiae
785 1652 810 1740 ²)
829 1663 861 1718 in
878 1680 939 1719 uon
962 1662 1053 1719 nullis
1077 1662 1207 1737 antiquis
1226 1682 1322 1721 exem·

149 1751 208 1826 plis
227 1750 389 1810 Platonicis
403 1748 414 1809 ῑ
429 1749 612 1825 adscriptum
626 1749 704 1825 quod
719 1750 829 1808 dieitur
841 1750 1010 1826 neglectum
1023 1749 1114 1810 fuisse
1128 1750 1323 1810 inlustratum

150 1839 307 1916 habemus,
326 1859 417 1915 quam
434 1839 576 1911 litteram,
594 1840 621 1897 si
638 1839 717 1897 forte
735 1838 852 1912 aderat,
870 1839 1008 1898 librarios
1026 1839 1181 1899 offendisse
1200 1859 1322 1900 eonsen-

150 1930 272 1987 taneum
300 1930 353 1986 est.
391 1946 449 2003 quo
471 1927 590 1986 facilius
608 1924 633 1986 Α
651 1929 729 1986 male
751 1930 860 1986 iterato
886 1947 922 1985 ex
946 1923 1061 1987 ΡΑΙΟΝ
1088 1924 1236 1988 ΡΑΔΙΟΝ
1257 1929 1323 1987 fieri

150 2016 257 2092 potuit.
295 2017 546 2091 1001003323
568 2009 609 2097 (p.
627 2008 720 2097 8011)
741 2012 815 2090 φίλε
839 2035 892 2075 eur
914 2017 946 2073 in
968 2016 1053 2075 libris
1076 2017 1109 2075 E
1130 2009 1320 2099 (AGAEJ)

150 2108 327 2180 expunctum
352 2106 392 2164 sit
416 2122 505 2163 eausa
528 2106 619 2181 patet.
657 2123 763 2180 nempe
786 2100 861 2178 φίλε
888 2105 1076 2179 attributum,
1099 2105 1212 2165 duobus
1235 2126 1321 2166 voea-

150 2196 221 2253 tivis
241 2189 339 2268 Κέβηε
362 2209 397 2253 τε
420 2189 472 2251 καὶ
490 2188 605 2267 Σιμμία
623 2195 826 2270 praemissum,
844 2195 898 2251 uni
915 2196 1033 2252 tantum
1051 2196 1189 2254 vocativo
1207 2213 1321 2254 accom-

149 2282 302 2340 modatum
321 2272 412 2361 est³);
432 2282 540 2356 quain
558 2301 590 2340 re
609 2282 719 2341 scribas
737 2282 867 2341 haesisse
884 2282 1029 2358 probatur
1042 2303 1070 2359 p.
1087 2281 1162 2341 820
1181 2284 1233 2342 ubi
1250 2283 1322 2342 libri

151 2363 193 2451 (A
200 2363 297 2452 Φθε)
317 2366 423 2444 ἑταῖρε
441 2371 472 2428 in
492 2365 634 2430 verbisu'r
659 2367 764 2445 ἑταιρε
788 2367 903 2445 Σιμμία
926 2386 960 2430 τε
979 2368 1030 2431 καὶ
1051 2367 1149 2445 Κέβηε
1168 2373 1321 2447 omittunt,

150 2459 238 2518 lectio
256 2460 439 2534 reliquarum
457 2460 696 2518 membranarum
713 2479 829 2536 papyro
848 2459 1023 2518 defenditur.
1052 2460 1113 2519 iam
1128 2461 1321 2537 gravissimas

150 2550 311 2624 scripturas
331 2568 349 2607 a
368 2548 496 2608 Stobaeo
519 2548 633 2608 alienas
655 2547 800 2608 librorum
822 2550 1020 2607 recentiorum
1043 2549 1134 2607 falsas
1153 2568 1217 2608 esse
1235 2550 1321 2609 nobis

150 2639 358 2713 persuasimus.
395 2640 430 2695 ut
447 2638 541 2714 igitur
559 2639 741 2714 archetypon
760 2641 845 2697 vetus
865 2637 998 2696 codicum
1015 2638 1048 2695 E
1064 2631 1110 2719 (Λ
1117 2637 1216 2697 OEH
1217 2640 1243 2697 J
1245 2638 1273 2696 L
1282 2630 1320 2719 Y)

151 2745 240 2800 opera
259 2727 401 2803 eclogarii
418 2726 538 2784 restitui
559 2745 645 2802 posse
668 2727 764 2804 magis
788 2729 818 2785 et
835 2727 931 2803 magis
950 2745 1112 2802 speramus,
1129 2728 1173 2785 ita
1191 2729 1320 2786 nuncin

152 2814 280 2873 fontium
306 2817 472 2890 priscorum
500 2834 535 2873 ex
562 2814 669 2889 quibus
697 2817 798 2873 nostra
823 2814 990 2873 Phaedonis
1018 2815 1161 2875 memoria
1187 2816 1322 2875 manavit

151 2904 278 2961 alterum
313 2905 463 2979 inquirere
499 2905 662 2962 conveniet.
705 2922 773 2962 cum
804 2923 874 2962 vero
910 2904 942 2961 id
974 2905 1122 2980 exemplar
1153 2904 1320 2963 Phaedonis

150 2995 249 3067 vetus,
276 2990 324 3051 oui
351 2992 485 3051 codicum
508 2992 595 3052 BCD
627 2991 789 3067 scripturas
822 2992 858 3050 ab
891 2993 993 3070 ecloga
1025 2988 1069 3051 ώε
1092 3039 1098 3051 .
1119 3039 1125 3051 .
1146 3039 1152 3051 .
1176 2989 1236 3067 ἡδύ
1269 2994 1320 3052 ab·

149 3082 303 3141 horrentes
330 3080 430 3140 deberi
458 3081 621 3155 voluimus,
648 3083 738 3139 etiam
761 3082 793 3139 in
821 3100 856 3139 ea
883 3084 968 3158 parte
994 3080 1106 3159 dialogi
1132 3101 1222 3158 quam
1248 3082 1322 3141 haec

151 3172 258 3247 capitis
277 3167 350 3243 περὶ
372 3169 478 3242 ψυχῆε
502 3172 639 3246 excerpta
663 3169 901 3246 complectuntur
925 3169 1071 3228 delineare
1094 3171 1126 3228 in
1150 3174 1248 3230 animo
1271 3172 1321 3247 sit,

150 3260 211 3316 iam
237 3277 313 3333 quae
336 3259 374 3317 ab
397 3259 443 3316 his
467 3260 611 3335 excerptis
639 3259 780 3318 lectiones
804 3260 918 3318 alienae
946 3259 1131 3336 singulorum
1153 3260 1321 3335 pluriumve

151 3347 285 3406 codicum
304 3347 437 3406 Platonis
456 3347 494 3406 ad
517 3349 729 3422 antiquitatem
752 3348 908 3407 ascendere
926 3348 1085 3406 videantur
1107 3349 1171 3407 erui
1194 3351 1320 3425 oportet.

151 3438 280 3511 primum
298 3435 391 3513 igitur
409 3456 437 3512 p.
454 3437 560 3511 326,1
582 3428 624 3516 (p.
642 3437 683 3495 70
692 3426 735 3515 A)
754 3436 943 3496 dissuadente
962 3435 1089 3495 Stobaeo
1111 3439 1143 3495 in
1166 3438 1322 3496 enuntiato

152 3519 255 3604 ἐκείνῃ
279 3525 317 3603 τῇ
340 3519 495 3603 ἡμέρᾳ..
516 3519 560 3604 ,ᾗ
587 3520 626 3583 ἂν
650 3519 668 3583 ὁ
694 3519 865 3598 ἄνθρωπος
893 3520 1040 3603 ἀποθάνῃ
1069 3544 1135 3584 oum
1154 3521 1320 3586 11Βάπο-

151 3611 274 3692 θνῄεκει
302 3611 502 3689 soribendum,
529 3632 597 3671 eum
619 3613 651 3670 D
673 3633 732 3671 uno
761 3608 800 3673 ἄν
829 3613 986 3671 delendum
1014 3632 1076 3672 esse
1100 3633 1213 3673 moneo.
1251 3635 1321 3673 nam

150 3702 341 3760 librariorum
369 3701 503 3760 studium
531 3703 751 3761 coniunctivum
775 3721 842 3760 cum
866 3696 905 3760 ἄν
928 3722 983 3778 pro
1006 3702 1168 3762 indicativo
1191 3703 1321 3779 ponendi

153 3811 188 3848 ex
208 3790 279 3849 Orit.
297 3790 374 3850 5οΒ
394 3786 517 3863 ἐκείνην
540 3788 598 3864 τὴν
622 3786 717 3850 πόλιν
742 3837 748 3849 .
769 3837 775 3849 .
795 3837 801 3850 .
821 3786 856 3850 ἐν
879 3787 898 3868 ᾗ
924 3783 980 3870 (010
999 3789 1095 3849 ΒΟΙ)
1112 3790 1264 3850 Hermann
1279 3788 1320 3870 ,ᾗ

152 3874 191 3937 ἂν
210 3872 276 3959 Eo)
305 3874 337 3937 αἱ
369 3876 538 3953 γενόμεναι
572 3875 653 3938 δίκαι
686 3877 785 3953 μηδὲν
818 3874 975 3953 ἰεχύουειν
1005 3871 1061 3959 (sio
1089 3879 1120 3936 D
1144 3901 1151 3937 :
1175 3874 1333 3953 ἰεχύωειν.

151 3960 274 4046 ΒΟΕ),
298 3962 381 4026 ἀλλὰ
408 3963 472 4026 ὑπὸ
496 3962 633 4026 ἰδιωτῶν
662 3961 775 4041 ἄκυροί
802 3984 837 4028 τε
863 3965 1027 4039 γίγνονται
1046 3959 1103 4048 (010
1122 3964 1320 4039 ΒΟΒεγίῑ-

287 4190 321 4244 ef.
337 4206 360 4244 e.
375 4208 401 4259 g.
418 4189 490 4243 Crat.
507 4191 591 4244 423ss
611 4194 662 4244 438
672 4189 703 4244 E.
739 4189 802 4243 Asti
821 4189 930 4244 lexicon
950 4192 1024 4243 bouet
1043 4192 1135 4255 ἔμοιγε
1155 4207 1210 4243 non
1230 4188 1320 4245 offert.

287 4261 321 4314 cf.
332 4260 468 4329 Wessely,
479 4261 678 4330 Mitteilungen
693 4277 717 4314 a.
728 4261 754 4314 d.
767 4261 880 4314 Samml.
895 4261 1000 4314 Rainer
1016 4265 1083 4314 1887
1099 4260 1132 4314 11.
1148 4261 1186 4313 III
1200 4280 1227 4330 p.
1240 4265 1321 4330 lbsq.

286 4331 320 4385 cf.
337 4330 452 4399 Schanz,
472 4331 574 4386 Comm.
590 4332 662 4386 Plat.
677 4351 703 4400 p.
721 4337 779 4385 117,
