2958 4770
279 174 321 228 De
339 174 452 228 Ioannis
471 175 585 228 Stobaei
604 175 742 244 excerptis
760 175 914 228 Platonicis
952 176 986 229 de
1005 176 1162 230 Phaedone.
1268 177 1308 245 17

138 342 249 402 ποιεῖν.
287 342 416 417 Euthyd.
437 345 498 401 221
511 343 548 400 D.
584 343 704 420 Protag.
725 334 864 424 329A.²)
898 345 1057 419 pleraeque
1076 344 1169 420 igitur
1188 344 1223 402 de
1241 363 1308 420 pro·

137 431 315 507 prietatibus
334 431 477 490 librorum
495 431 558 491 ΒΟ
574 432 720 508 genuinae
740 450 802 490 esse
820 432 974 508 ridentur3
992 452 1052 491 una
1070 435 1189 492 tantum
1208 453 1309 493 eorum

137 521 224 580 lectio
247 541 276 596 p.
297 521 405 595 478,5
430 516 539 580 αὐτοῖς
565 541 637 579 num
660 540 731 578 vera
758 522 798 580 sit
825 520 947 579 dubium
974 521 1117 596 relinquo.
1159 541 1230 580 nam
1253 523 1310 581 etsi

139 609 229 667 dictio
249 608 390 682 τυνῆψεν
415 604 459 669 εἰ(
482 605 601 669 ταύτὸν
625 605 734 668 αὐτοί(
757 606 814 668 τὰ(
838 605 983 683 κορυφάτ
1010 629 1107 685 neque
1125 630 1178 685 per
1200 630 1231 670 se
1251 610 1308 669 dis·

137 698 227 773 plicet
255 700 285 756 et
312 700 424 757 tutores
452 698 567 757 invenit
591 697 796 775 Hermannum
824 697 1000 756 Schanzium
1023 698 1232 757 Wohlrabium
1258 700 1309 774 qui

14 774 16 829 ί
138 787 286 845 contulere
309 806 337 861 p.
355 787 431 844 62Β
455 784 531 846 τοὺ(
555 781 747 860 ἀνθρώπους
773 783 809 845 ἓν
837 785 903 846 τῶν
932 781 1099 860 κτημάτων
1127 787 1194 847 roi(
1223 787 1309 847 θεοί(

14 876 16 879 ’
140 869 227 946 εἶναι,
251 895 280 949 p.
298 875 373 933 727]
397 871 471 948 ἡμῖν
494 871 513 947 ἡ
539 870 667 948 μάθητιτ
691 871 750 934 οὐκ
774 869 854 934 ἄλλο
877 872 943 948 τιῆ
969 870 1139 948 ἀνάμνητι(
1158 871 1308 948 τυγχάνει

140 958 230 1034 οὖτα,
256 963 345 1038 Soph.
361 964 462 1021 2161)
490 963 549 1023 τοῦ
578 960 685 1037 μέντοι
714 960 807 1024 ξένου
835 959 909 1037 ἡμῖν
936 959 1040 1036 ἡδέως
1069 960 1108 1023 ἂν
1136 961 1308 1024 πυνθανοί-

140 1068 208 1126 μην,
232 1061 334 1110 tamen
352 1071 501 1127 nusquam
515 1052 636 1128 perinde
651 1056 742 1127 atque
755 1052 811 1111 hcc
824 1053 889 1111 loco
904 1052 942 1110 ad
961 1048 1110 1112 (υνάπτω
1126 1053 1173 1111 vel
1187 1053 1310 1112 verbum

139 1141 235 1200 simile
255 1141 392 1199 dativum
411 1141 580 1217 adpositum
597 1141 713 1216 inveni3
730 1143 821 1200 immo
840 1160 900 1199 non
918 1142 994 1199 nulli
1008 1143 1067 1200 loci
1080 1144 1116 1199 ut
1134 1138 1242 1202 αὐτῶν
1261 1159 1309 1200 ac·

138 1229 282 1304 cipiamus
301 1230 427 1288 suadent
444 1230 540 1289 veluti
558 1230 725 1306 Euthyphr.
741 1228 794 1287 40
814 1225 832 1288 ὁ
853 1223 912 1289 οὖν
935 1226 1039 1303 πατὴρ
1060 1227 1213 1303 (υνδήτατ
1232 1228 1308 1290 τοὺ(

137 1315 239 1378 πόδα(
263 1315 393 1378 καὶτὰ(
421 1317 529 1392 χεῖρα(
560 1314 672 1389 αὐτοῦ,
695 1319 784 1376 Polit.
800 1316 897 1376 3110
921 1317 1018 1377 τοῦτο
1042 1315 1081 1391 δὴ
1105 1315 1199 1378 τέλος
1221 1314 1306 1392 ὑφά-

138 1422 253 1480 τματοτ
272 1453 278 1465 .
299 1453 305 1466 .
325 1453 332 1466 .
351 1403 510 1478 γίγνετθαι
529 1407 642 1481 φῶμεν
661 1405 824 1479 πολιτικὴ(
843 1402 989 1480 πράξεωτ
1007 1403 1045 1465 τὸ
1064 1407 1130 1466 τῶν
1149 1402 1307 1480 ἀνδρείων

137 1493 187 1554 καὶ
210 1492 390 1569 (ωφρόνων
419 1490 511 1569 ἦθοτ,
541 1491 666 1555 ὁπόταν
690 1491 826 1573 ὁμονοίᾳ
848 1492 900 1554 καὶ
923 1491 1015 1573 φιλίᾳ
1038 1491 1148 1555 κοινὸν
1172 1496 1307 1566 ξυναγα-

137 1584 236 1654 γοῦτα
261 1581 368 1643 αὐτῶν
391 1580 449 1643 τὸν
474 1581 543 1659 βίον
565 1581 585 1657 ἡ
611 1582 749 1659 βατιλικὴ
774 1579 870 1658 τέχνη
895 1629 901 1642 .
922 1630 928 1642 .
949 1629 955 1641 .
975 1580 1098 1663 τυνέχῃ.
1135 1585 1197 1643 iam
1216 1584 1251 1641 de
1270 1585 1307 1642 iis

138 1673 290 1748 scripturis
310 1691 383 1748 quas
406 1673 542 1748 proprias
567 1673 766 1748 antiquissimi
787 1673 899 1731 codices
918 1671 1149 1731 accentores
1167 1672 1310 1747 praebent

137 1761 250 1820 dictum
269 1764 321 1819 est.
355 1764 459 1820 ceteris
478 1765 578 1820 autem
596 1763 669 1821 locis
686 1761 740 1819 ubi
754 1762 889 1837 singulae
903 1764 1003 1836 partes
1018 1764 1135 1819 nostrae
1149 1763 1309 1820 memoriae

136 1850 269 1909 Platonis
298 1850 335 1907 ab
359 1851 462 1927 ecloga
487 1851 667 1926 discrepant,
692 1850 784 1908 libros
812 1849 1018 1909 dissentientes
1046 1868 1144 1908 errare
1173 1852 1310 1925 apertum

14 1972 16 2015 ,
136 1942 216 2014 puto.
255 1959 283 2014 p.
299 1941 373 2013 477,
388 1941 429 1997 22
449 1938 547 1999 τοῦτο
567 1939 648 2015 quod
666 1941 698 1996 in
713 1930 770 2019 (G)
791 1938 873 1997 deest
890 1940 1011 2013 ponitur
1029 1938 1187 1997 aPlatone
1205 1938 1254 1998 vel
1271 1941 1309 1998 iis
1370 1935 1372 1941 ’

14 2018 15 2055 ί
136 2028 208 2085 locis
232 2027 340 2102 quibus
361 2027 446 2086 nobis
471 2027 635 2087 redundare
654 2027 772 2086 videtur
795 2030 829 2085 ut
847 2026 935 2104 Gorg.
952 2026 1049 2085 4690
1073 2023 1188 2088 ἐξεῖναι
1212 2023 1248 2087 έν
1270 2028 1308 2105 τῇ

137 2112 229 2175 πόλει
253 2112 272 2176 ὃ
296 2111 335 2175 ἂν
359 2116 437 2195 δοκῇ
462 2112 550 2196 αὐτῷ
574 2116 678 2176 ποιεῖν
700 2115 806 2176 τοῦτο.
843 2137 872 2191 p.
888 2118 995 2191 478,1
1016 2117 1189 2192 pronomine
1209 2112 1309 2176 αὐτόν

137 2203 216 2279 quod
230 2196 286 2285 (A)
304 2206 412 2263 inserit
430 2224 504 2280 opus
522 2224 582 2263 non
601 2224 663 2264 esse
682 2204 866 2263 demonstrat
884 2205 965 2263 locus
985 2224 1073 2279 quem
1091 2206 1178 2264 modo
1197 2205 1310 2282 protuli

136 2293 255 2371 Protag.
267 2295 330 2352 329
341 2293 375 2351 Ε.
407 2314 436 2368 p.
451 2295 525 2370 478,
537 2295 555 2352 8
571 2290 731 2367 πρότερον
746 2293 829 2351 libris
844 2285 990 2374 (Amas)
1004 2293 1149 2352 traditum
1163 2295 1310 2371 glossema

138 2385 181 2441 est
199 2384 322 2457 propter
340 2378 473 2455 ὕττερον
493 2374 534 2462 (p.
552 2383 625 2455 478,
643 2374 676 2463 7)
696 2383 853 2441 adiectum.

14 2480 15 2483 ’
225 2473 282 2529 etsi
304 2470 398 2548 igitur
419 2471 515 2529 multa
539 2491 614 2546 quae
637 2470 748 2548 singuli
772 2471 885 2530 codices
908 2471 1043 2530 Platonis
1066 2471 1162 2529 invito
1181 2470 1308 2530 Stobaeo

137 2559 276 2618 adferunt
298 2559 493 2634 improbanda
516 2563 599 2634 sunt,
622 2563 723 2618 tamen
747 2560 845 2634 quivis
868 2561 941 2635 puto
965 2578 1000 2617 ex
1022 2558 1068 2616 his
1097 2561 1175 2618 curis
1199 2560 1309 2618 criticis

14 2672 15 2677 ¹
136 2667 251 2706 mecum
270 2647 378 2706 efficiet
396 2651 529 2707 nostram
542 2648 709 2707 Phaedonis
723 2648 897 2706 memoriam
912 2666 945 2705 eo
961 2647 1151 2722 antiquorum
1164 2647 1309 2706 librorum

14 2744 15 2811 ἲ
137 2756 242 2813 genere
265 2736 344 2812 quod
366 2737 457 2796 fuisse
477 2737 579 2814 ecloga
602 2735 771 2795 Stobaeana
793 2736 878 2795 testis
903 2737 960 2811 est,
982 2754 1043 2794 non
1066 2737 1129 2795 solo
1154 2738 1212 2795 niti
1235 2737 1309 2795 alte-

136 2846 260 2901 rumque
292 2826 406 2885 fontem
437 2828 568 2901 priscum
599 2825 771 2885 traditionis
803 2825 916 2903 dialogi
943 2826 1117 2901 Byzantinis
1144 2826 1308 2885 Photianae

137 2916 244 2974 aetatis
272 2917 468 2991 suppetivisse
496 2917 544 2973 oui
570 2914 648 2974 bona
675 2917 706 2974 in
732 2914 816 2973 libris
835 2914 898 2973 Bo
919 2914 1006 2973 obvia
1030 2914 1199 2974 debeantur.
1240 2915 1309 2972 inde

136 3007 253 3062 nostros
272 3003 364 3063 libros
378 3004 545 3062 Phaedonis
564 3024 598 3062 ex
616 3023 675 3062 uno
696 3003 795 3062 codice
813 3006 882 3078 post
899 3002 1060 3062 Stobaeum
1078 3006 1110 3061 in
1129 3003 1309 3080 exemplaria

136 3093 224 3168 plura
242 3093 421 3169 transcripto
439 3092 558 3150 fluxisse
576 3093 653 3150 male
673 3094 751 3152 sumi
769 3092 922 3150 evincitur.

225 3181 299 3238 haec
316 3181 377 3240 fere
396 3201 431 3238 ex
449 3181 554 3257 ecloga
572 3200 639 3239 cum
657 3180 740 3238 libris
754 3180 890 3239 Platonis
908 3183 1080 3254 comparata
1094 3179 1233 3239 discenda
1247 3197 1308 3240 esse

138 3273 224 3345 put03
239 3270 301 3328 iam
309 3271 474 3345 paullisper
488 3268 706 3328 subsistendum
717 3272 746 3328 et
756 3268 1050 3343 circumspiciendum
1060 3272 1112 3328 est.
1133 3269 1309 3328 Schanaium

137 3358 227 3418 libros
246 3358 413 3417 Phaedonis
435 3360 468 3416 in
493 3358 567 3417 duas
591 3359 699 3417 classes
717 3360 762 3415 ita
780 3360 929 3418 secantem
948 3359 982 3415 ut
1000 3360 1093 3434 priori
1112 3360 1230 3435 praeter
1247 3357 1312 3418 Bc

14 3460 15 3481 ί
137 3450 228 3506 etiam
248 3438 394 3527 (Amas)
414 3447 598 3522 attribueret,
619 3446 767 3506 codicibus
787 3439 1010 3529 (AOEHJL)
1030 3448 1063 3506 E
1078 3448 1204 3506 alteram
1223 3448 1308 3505 fami·

136 3537 209 3594 liam
232 3539 328 3595 totam
350 3539 568 3612 repraesentari
585 3537 685 3610 vellet,
709 3555 816 3610 parum
837 3536 930 3595 firmis
948 3536 1114 3595 rationibus
1137 3555 1222 3594 usum
1246 3553 1308 3594 esse

137 3628 271 3701 apparet.
307 3644 378 3683 nam
395 3645 423 3700 p.
440 3627 513 3700 477,
529 3627 569 3683 22
593 3626 726 3684 universi
751 3626 875 3684 alterius
898 3627 1000 3684 classis
1021 3624 1220 3683 Schanzianae
1238 3624 1309 3682 libri

137 3731 155 3770 a
172 3713 352 3772 membranis
370 3713 434 3773 Bc
450 3717 540 3788 stant,
561 3714 709 3773 codicibus
728 3705 872 3795 (Amas)
892 3715 1019 3773 alterum
1038 3732 1129 3791 genus
1147 3713 1308 3771 memoriae

138 3802 219 3861 cuius
239 3797 342 3862 ἔοικεν
362 3806 406 3861 est
429 3805 605 3862 continetur.
642 3802 722 3878 quod
745 3802 771 3861 si
796 3822 831 3861 ea
854 3820 931 3878 quae
950 3803 986 3860 de
1005 3803 1144 3860 classium
1161 3801 1308 3860 librorum

137 3888 271 3949 Platonis
291 3891 405 3949 ambitu
424 3894 455 3948 et
469 3893 582 3968 origine
596 3891 669 3950 haec
688 3891 790 3968 ecloga
804 3892 906 3951 docere
920 3891 1047 3965 videtur,
1061 3890 1307 3966 comprehendere

137 3977 167 4034 in
187 3981 286 4037 animo
301 3982 354 4054 est,
373 3981 497 4039 classem
510 3981 640 4054 priorem
653 3981 751 4038 nullos
765 3979 857 4039 libros
875 3981 933 4038 nisi
947 3978 1010 4038 Bc
1022 3980 1188 4055 complecti,
1206 3981 1306 4037 unius·

138 4070 278 4143 cuiusque
287 4068 420 4127 familiae
431 4070 611 4144 archetypcn
617 4068 743 4128 Stobaeo
749 4069 896 4127 vetustius
907 4086 968 4127 esse
977 4067 1202 4126 dicendumerit.
1218 4068 1307 4126 simul

139 4158 238 4214 autem
256 4158 374 4215 nullum
391 4158 470 4217 inter
489 4159 611 4217 alterius
627 4157 729 4217 classis
747 4156 839 4216 libros
853 4157 885 4214 Ε
898 4149 1171 4236 (AmasAOEH
1172 4156 1198 4215 J
1201 4157 1230 4213 L
1238 4147 1306 4236 YF)

229 4346 254 4414 1)
273 4343 308 4399 cf.
324 4342 439 4411 Sehana,
458 4344 527 4397 Nor.
544 4359 641 4396 comm.
656 4362 682 4411 p.
700 4348 758 4399 185.

1077 4436 1092 4482 2
