2958 4770
160 185 204 249 34
616 186 749 239 Ernestus
768 185 878 240 Bickel:

160 373 251 428 quarn
270 372 336 411 eum
354 346 477 429 reliquis
500 354 649 413 codicibus
667 355 802 413 Platonis
826 355 981 414 cohaerere
1008 353 1146 430 dicimus,
1169 354 1248 430 quod
1266 375 1333 414 ma-

160 443 242 501 culas
261 443 405 518 quasdam
423 443 547 501 diversis
564 443 688 508 familiis
707 443 851 502 librorum
865 443 1086 502 Platonicorum
1104 444 1183 502 inter
1201 462 1231 502 se
1251 463 1332 504 oom-

158 549 263 589 munes
282 550 344 590 esse
362 532 428 608 ipsa
448 530 568 590 8101001
587 533 724 607 excerpta
742 532 866 591 docuere
874 525 899 613 ¹)
918 550 996 590 nunc
1014 551 1067 590 nos
1086 532 1198 609 fugisse
1217 533 1331 591 credas.

159 621 185 678 si
209 640 224 677 e
248 621 340 695 stirpe
369 620 407 678 ad
435 639 526 696 quarn
554 624 715 678 extremam
743 622 842 679 omnia
869 623 972 678 nostra
1000 622 1134 696 exempla
1160 621 1333 680 Phaedonis

158 708 291 768 revocari
315 708 437 783 debent,
460 710 551 767 etiam
574 709 625 767 ille
650 709 727 767 liber
749 728 785 767 ex
808 728 867 784 quo
891 712 1028 784 excerpta
1054 709 1220 786 anthologii
1239 711 1332 768 ducta

159 799 228 855 sunt
251 801 416 875 prognatus
440 801 497 874 est,
522 798 575 873 qui
596 798 651 855 fiat
674 800 708 855 ut
732 798 852 856 eaedem
870 798 964 856 falsae
982 798 1124 857 lectiones
1141 797 1174 855 in
1193 799 1332 858 omnibus

158 886 308 945 codicibus
332 886 479 961 Platonis,
507 905 567 944 non
595 886 675 962 apud
699 885 861 945 Stobaeum
884 888 1087 961 compareant,
1116 887 1247 961 expediri
1268 906 1332 946 non

157 993 244 1050 posse
263 977 358 1050 putes.
395 978 496 1033 tamen
514 977 562 1034 vel
587 975 675 1033 huius
697 975 741 1033 rei
764 975 992 1050 explicationem
1009 975 1042 1032 in
1059 977 1201 1051 promptu
1219 976 1331 1034 habere

158 1063 233 1121 mihi
246 1064 356 1122 videor.
384 1064 500 1122 nullam
515 1064 593 1122 enim
607 1065 745 1122 lacunam
759 1084 775 1122 e
790 1063 917 1122 81010οο
932 1064 1128 1139 supplendam
1144 1068 1199 1123 aut
1212 1066 1330 1123 senten-

157 1153 232 1210 tiam
251 1171 342 1227 quam
359 1153 494 1229 intellegi
512 1171 599 1228 posse
618 1153 834 1227 desperandum
858 1155 935 1211 esset
962 1152 1020 1211 nisi
1039 1155 1193 1228 excerptor
1210 1172 1330 1212 succur-

139 1243 249 1319 reret,
276 1241 438 1300 innostro
466 1244 551 1301 textu
574 1241 730 1300 Platonico
763 1259 915 1299 occurrere
943 1241 1159 1300 observandum
1187 1245 1245 1317 est3
1276 1243 1331 1300 ubi

158 1330 306 1406 scriptura
333 1330 496 1389 communis
523 1330 667 1391 librorum
693 1330 827 1389 Platonis
850 1329 969 1388 defendi
992 1331 1109 1406 nequit,
1133 1333 1186 1389 aut
1213 1329 1329 1388 addita·

157 1420 258 1476 menta
273 1439 288 1477 e
303 1419 386 1477 libris
401 1419 591 1495 expelluntur
605 1420 698 1478 veluti
711 1440 742 1494 p.
757 1420 830 1492 329,
846 1420 865 1476 5
881 1410 923 1499 (p.
941 1420 958 1475 7
962 1411 1025 1499 80)
1040 1418 1141 1478 ταῦτα
1160 1416 1195 1478 δέ
1210 1440 1238 1495 p.
1254 1421 1330 1494 331,

160 1509 200 1565 24
221 1499 263 1587 (p.
279 1508 321 1566 80
331 1499 373 1587 D)
393 1504 431 1580 δή
448 1508 656 1566 001100110000
671 1511 837 1583 corruptae,
852 1526 928 1583 quae
941 1509 977 1565 ut
990 1508 1068 1566 falsa
1081 1507 1217 1566 veritatis
1232 1509 1330 1583 specie

159 1596 324 1671 splendent,
342 1597 386 1654 110
404 1596 436 1653 10
454 1617 610 1654 numerum
628 1596 831 1655 mutationum
845 1596 981 1655 00000110
1001 1599 1031 1654 01
1045 1595 1220 1654 emendandi
1239 1615 1330 1654 causa

158 1684 305 1742 factarum
332 1684 503 1744 referendae
531 1689 600 1743 sunt
632 1688 667 1743 ut
694 1705 723 1760 p.
749 1685 822 1760 325,
847 1688 887 1742 22
917 1676 959 1766 (p.
986 1687 1027 1743 70
1037 1676 1078 1765 A)
1107 1681 1329 1759 διαφθείρηται

119 1798 123 1805 ·
157 1793 186 1847 p.
202 1774 275 1847 331,
301 1775 341 1831 19
362 1765 404 1854 (p.
425 1775 467 1831 80
476 1765 519 1854 D)
548 1768 649 1848 ὅμως,
679 1773 712 1831 10
742 1773 893 1850 integrum
925 1773 1132 1831 restituuntur.
1178 1774 1249 1832 10110
1277 1792 1330 1831 au·

157 1863 219 1920 tem
237 1881 303 1920 eum
323 1861 436 1921 indoles
454 1862 597 1921 vitiorum
616 1862 656 1921 sit
674 1862 780 1937 quibus
799 1861 869 1919 libri
888 1861 1036 1921 Platonici
1055 1861 1256 1938 consentiunt,
1280 1862 1330 1920 hic

158 1968 315 2008 consensus
330 1950 397 2008 vide
416 1970 453 2009 00
468 1951 505 2008 01
519 1971 551 2010 00
565 1952 669 2010 eadem
684 1951 862 2026 repetendus
877 1951 917 2009 sit
930 1970 1007 2026 quae
1020 1969 1074 2026 pro
1090 1969 1178 2008 eausa
1192 1949 1330 2008 habenda

157 2042 203 2097 est
231 2057 283 2096 cur
310 2038 382 2097 10010
412 2039 589 2114 quibusdam
611 2039 707 2099 veluti
735 2060 764 2114 p.
789 2041 868 2114 477,
888 2041 928 2097 22
952 2060 981 2114 0.
1002 2040 1080 2112 326,
1101 2040 1119 2097 3
1142 2059 1171 2114 p.
1193 2040 1329 2112 30017

158 2146 186 2201 p.
203 2128 276 2200 329,
292 2129 310 2184 2
331 2148 359 2202 p.
376 2130 449 2202 329,
468 2131 518 2202 11,
536 2149 564 2203 p.
581 2130 655 2202 330,
676 2129 716 2185 18
741 2128 854 2186 codices
880 2127 1007 2186 8101000
1031 2128 1152 2203 cognati
1171 2128 1203 2185 Ε
1219 2118 1333 2208 (Acis

157 2216 193 2272 Η
194 2217 221 2275 J
222 2215 251 2273 L
260 2207 298 2296 Y)
318 2215 409 2275 libros
425 2216 521 2276 1301)
540 2219 719 2292 sequantur,
737 2216 925 2274 membranae
940 2208 1086 2297 (Aoos)
1107 2234 1182 2290 quae
1200 2216 1329 2291 plerum-

158 2323 215 2378 que
239 2304 276 2362 ab
300 2304 448 2381 eclogario
472 2305 642 2381 discrepant
665 2306 744 2363 00100
769 2305 831 2363 0100
854 2305 1028 2363 memoriam
1050 2303 1184 2362 reddant.
1212 2304 1329 2362 monui·

158 2411 223 2451 mus
243 2386 363 2471 supra2)
383 2413 418 2451 ex
431 2394 601 2454 huiusmodi
629 2394 702 2452 locis
731 2412 790 2452 non
818 2395 905 2452 modo
924 2411 1067 2469 apparere
1090 2392 1129 2450 ad
1156 2392 1330 2451 memoriam

94 2540 96 2543 ,
158 2480 279 2539 8101001
306 2482 507 2559 refingendam
532 2484 652 2558 praeter
678 2482 770 2541 libros
798 2482 849 2557 qui
877 2482 914 2540 ab
938 2483 1107 2556 excerptore
1125 2481 1259 2556 proxime
1277 2480 1329 2538 ab·

158 2572 226 2628 sunt
240 2571 272 2628 E
289 2562 334 2651 (A
341 2570 467 2630 OEHJ
468 2571 497 2629 L
505 2563 544 2651 Y)
562 2570 710 2629 familiam
729 2563 874 2651 (AOEGs)
901 2570 1099 2628 adhibendam
1122 2588 1198 2645 0000,
1225 2589 1330 2628 verum

157 2657 248 2717 etiam
271 2677 528 2735 unumquemque
547 2647 751 2719 de'codicibus
770 2660 802 2717 E
819 2651 865 2739 (Λ
872 2658 998 2718 ΟΕΗιῙ
999 2658 1028 2716 L
1036 2660 1122 2716 ΤΓΔ
1129 2649 1236 2738 oss),
1255 2668 1329 2733 quos

156 2766 216 2805 000
235 2747 322 2806 classi
342 2748 549 2823 comprehendi
568 2767 623 2824 par
640 2748 708 2821 fuit,
722 2766 737 2805 0
751 2747 915 2806 Bodleiano
934 2747 1149 2822 interpolatum
1168 2764 1238 2805 esse.
1262 2766 1330 2804 cum

157 2836 252 2912 igitur
271 2836 408 2894 omnibus
427 2836 510 2895 libris
531 2838 582 2911 qui
601 2837 799 2895 recensionem
814 2835 1014 2894 Stobaeanam
1032 2835 1174 2894 tuendam
1192 2853 1329 2910 accepere

156 2924 297 2983 lectiones
324 2923 482 2982 Bodleiani
508 2924 649 2983 inmixtas
679 2943 741 2983 0000
773 2927 896 2999 0000101,
928 2927 964 2983 01
992 2924 1169 3000 excerptoris
1197 2923 1329 2982 recensio

156 3012 229 3071 locis
248 3012 426 3088 quibusdam
445 3032 459 3071 e
479 3016 582 3072 nostra
600 3015 743 3073 memoria
757 3013 913 3072 Platonica
932 3013 1051 3088 penitus
1071 3013 1193 3088 expulsa
1212 3013 1330 3072 sitnon

158 3101 268 3159 mirum
286 3101 446 3161 videbitur.

245 3191 288 3248 ita
312 3210 327 3249 e
350 3192 444 3249 mixta
467 3190 611 3250 memoria
635 3211 703 3250 eum
725 3191 870 3249 librorum
888 3181 1035 3271 (Aoos)
1058 3193 1125 3248 tum
1148 3189 1281 3248 familiae
1300 3190 1333 3246 E

156 3280 278 3355 propria
298 3280 478 3353 explicatum
495 3280 648 3355 habemus,
666 3299 720 3339 cur
738 3280 875 3355 quamvis
894 3278 1053 3337 discidium
1070 3277 1242 3339 traditionis
1259 3277 1332 3334 Pla-

157 3367 274 3425 tonicae
294 3370 364 3426 ante
384 3367 542 3426 Stobaeum
561 3369 675 3427 factum
694 3368 745 3444 sit,
769 3371 870 3426 tamen
890 3368 942 3442 qui
966 3371 1036 3444 post
1054 3387 1121 3425 eum
1139 3367 1209 3425 libri
1227 3366 1344 3442 scripti

157 3458 227 3515 sunt
246 3455 342 3514 nostri
360 3475 461 3515 omnes
480 3458 629 3516 communi
647 3457 872 3515 necessitudinis
886 3456 1005 3515 vinculo
1026 3456 1210 3514 cohaereant.
1239 3458 1330 3530 atque

157 3544 340 3604 diversorum
357 3544 522 3622 rivulorum
539 3546 699 3604 memoriae
718 3545 892 3603 Platonicae
911 3543 1091 3618 confusioni,
1111 3543 1208 3620 qualis
1232 3543 1328 3602 adhuc

156 3634 187 3690 in
207 3633 355 3693 codicibus
374 3635 406 3692 Ε
422 3627 468 3715 (Λ
475 3634 574 3693 OEH
575 3636 601 3693 J
602 3634 631 3692 L
639 3636 720 3692 ΤΓΔ
728 3625 823 3713 oss)
842 3634 969 3708 probata
988 3636 1041 3708 est,
1059 3652 1138 3691 0000
1155 3633 1328 3691 insistamus
1360 3667 1362 3670 >

157 3725 287 3797 oportet,
315 3723 425 3798 quippe
453 3724 485 3780 10
513 3742 573 3797 qua
599 3723 672 3781 fines
701 3722 865 3781 consistant
881 3723 963 3780 ultra
987 3740 1061 3798 quos
1083 3722 1115 3779 in
1138 3720 1328 3796 explorando,

157 3831 232 3886 quae
251 3811 329 3869 ratio
348 3812 427 3870 inter
444 3812 541 3870 fontes
559 3812 671 3887 priscos
695 3814 864 3869 nostrorum
888 3810 1100 3886 exemplarium
1123 3812 1153 3867 et
1171 3810 1249 3868 inter
1266 3828 1328 3866 me-

157 3903 282 3958 moriam
312 3919 330 3958 a
354 3899 481 3958 8101000
508 3902 684 3976 usurpatam
702 3898 869 3957 Phaedonis
896 3900 1075 3974 interfuerit,
1102 3898 1242 3975 progredi
1268 3916 1328 3955 000

156 3989 235 4046 11001.
277 3990 334 4046 0101
366 3988 444 4046 enim
471 3988 640 4065 propinqua
668 3989 844 4065 cognatione
872 3988 986 4047 codices
1014 3989 1046 4045 Ε
1072 3979 1117 4067 (A
1124 3986 1250 4046 CEHJ
1252 3985 1281 4043 L
1289 3977 1328 4066 T)

156 4078 355 4135 recensionem
383 4075 582 4136 Stobaeanam
610 4078 756 4153 attingere
785 4076 1022 4135 demonstratum
1043 4076 1200 4150 habemus,
1227 4076 1329 4132 tamen

157 4165 339 4223 descendisse
365 4165 402 4223 ab
425 4185 485 4224 una
509 4166 688 4243 excerptoris
710 4166 853 4224 memoria
876 4184 912 4222 ne
935 4165 1005 4223 libri
1023 4165 1056 4221 Ε
1073 4156 1250 4244 (AOEHJ
1251 4162 1281 4219 L
1289 4153 1327 4241 Y)

248 4351 273 4419 1)
293 4350 327 4403 cf.
342 4369 368 4418 p.
386 4356 427 4404 27.
519 4354 546 4419 2)
565 4352 599 4405 cf.
615 4370 641 4420 0.
660 4357 699 4404 17.
