2958 4770
271 188 313 243 De
331 189 443 243 loannis
463 189 578 244 Stobaei
596 191 735 260 excerptis
753 187 907 245 Platonicis
945 193 979 245 de
998 191 1156 246 Phaedone.
1260 193 1301 256 15

216 356 288 415 haec
315 357 352 415 de
378 356 416 416 iis
445 357 567 417 Stobaei
594 358 769 418 lectionibus
797 379 873 434 quae
901 361 980 418 inter
1007 378 1037 418 se
1064 360 1300 435 discrepantibus

121 445 212 505 libris
226 446 361 504 Platonis
380 447 411 504 in
429 449 516 522 parte
535 448 630 505 altera
644 447 757 522 obviae,
777 447 813 505 ab
829 449 923 506 altera
938 449 1051 507 alienae
1066 451 1136 507 sunt
1148 449 1180 505 in
1195 451 1301 508 classes

122 537 187 593 tres
216 534 433 612 distinguendis
460 533 557 594 dicere
584 535 683 594 habui.
729 539 844 594 restant
871 537 962 596 solius
991 535 1110 596 Stobaei
1138 539 1301 612 scripturae

124 624 292 699 peculiares
312 641 385 698 quas
404 625 592 698 potissimum
611 627 663 699 qui
686 626 786 683 omnia
809 628 911 684 nostra
930 627 1064 701 exempla
1082 625 1247 685 Phaedonis
1266 646 1301 684 ex

123 731 185 770 uno
201 712 363 788 archetypo
378 714 447 787 post
462 712 621 771 Stobaeum
636 715 746 788 scripto
760 712 879 772 fluxisse
893 714 1018 789 probare
1032 716 1064 772 in
1078 715 1177 772 animo
1191 716 1302 774 habent

123 803 328 876 protracturos
353 819 414 860 esse
437 804 530 876 patet.
568 820 670 859 verum
693 801 780 860 huius
804 820 921 876 quoque
944 803 1060 880 genesis
1082 804 1162 862 locos
1186 804 1303 878 aliquot

124 891 231 965 utique
259 891 439 966 spernendos
468 908 530 950 esse
553 891 603 947 vix
632 892 677 948 est
705 890 782 964 quod
810 909 954 949 moneam.
997 894 1031 949 ut
1054 895 1132 950 enim
1159 893 1301 951 lectiones

125 979 365 1037 testimoniorum
382 980 522 1054 propriae
542 979 689 1056 genuinae
707 978 866 1036 videantur
884 982 1010 1055 oportet,
1031 981 1057 1038 si
1076 999 1110 1037 ex
1128 980 1165 1038 iis
1184 984 1301 1040 nostros

126 1067 218 1126 libros
236 1067 372 1127 Platonis
392 1067 500 1125 artiore
518 1067 745 1126 necessitudinis
763 1068 883 1126 vinculo
902 1070 980 1126 inter
999 1087 1029 1127 sc
1048 1070 1219 1128 coniunctos
1239 1088 1301 1129 esse

126 1156 334 1232 appariturum
363 1147 453 1236 est1),
480 1158 525 1214 ita
553 1156 661 1230 quibus
689 1157 772 1214 vitiis
801 1157 889 1216 certis
918 1158 1052 1232 exempla
1080 1176 1156 1232 quae
1184 1161 1302 1217 exstant

126 1245 223 1320 operis
247 1243 408 1303 Stobaeani
435 1243 570 1303 laborare
598 1246 784 1304 conclamata
812 1263 859 1302 res
888 1247 945 1320 est,
974 1264 1009 1303 ea
1035 1264 1155 1321 prorsus
1182 1247 1300 1305 silentio

125 1333 283 1409 praeteriri
310 1333 388 1391 ratio
416 1333 558 1409 postulat.
601 1332 770 1392 huiusmodi
798 1334 893 1410 igitur
919 1334 1118 1409 peculiaribus
1145 1336 1300 1411 scripturis

127 1421 247 1481 Stoba'ei
275 1417 415 1480 seiunctis
444 1440 462 1479 a
488 1421 611 1495 reliquis
639 1424 779 1496 quartum
805 1421 934 1480 tabellae
962 1423 1061 1481 locum
1089 1422 1202 1497 addixi3
1231 1425 1299 1482 illas

126 1513 225 1569 autam
242 1511 378 1587 proprias
397 1510 539 1568 lectiones
553 1509 726 1586 gnomologi
740 1509 846 1584 quibus
861 1529 921 1585 qua
934 1513 1072 1570 veritatis
1087 1513 1198 1588 species
1212 1512 1299 1588 inest,

124 1600 287 1674 plurimum
315 1619 333 1657 a
360 1600 490 1657 numeris
518 1601 697 1675 paginarum
725 1598 870 1658 distantes
897 1591 1072 1680 1111111112)
1110 1600 1163 1674 qui
1190 1601 1226 1658 de
1253 1602 1300 1659 his

124 1689 197 1747 locis
216 1706 270 1763 pro
293 1690 408 1764 priscae
431 1689 590 1746 memoriae
609 1687 775 1746 Phaedonis
794 1687 929 1764 vestigiis
952 1688 985 1745 in
1007 1688 1117 1747 nostris
1141 1688 1225 1748 libris
1248 1689 1300 1748 ob=

124 1777 266 1835 litteratis
285 1775 413 1835 habendi
432 1777 502 1850 sint,
521 1778 637 1835 attento
657 1776 755 1834 animo
775 1795 916 1851 quaerere
936 1779 1071 1835 nostrum
1090 1777 1156 1835 erit.

129 1918 134 1927 .
214 1884 273 1940 qua
287 1865 403 1923 ratione
417 1864 449 1922 in
463 1863 669 1940 comparandis
686 1864 865 1923 testimoniis
880 1883 947 1923 cum
961 1865 1047 1923 libris
1061 1865 1195 1925 Platonis
1209 1867 1299 1925 later-

125 1955 206 2013 culos
216 1954 367 2012 variarum
381 1954 543 2012 lectionum
557 1953 754 2011 instituendos
768 1971 832 2012 esse
844 1953 1022 2029 putaverim,
1032 1956 1165 2030 exemplo
1180 1956 1299 2032 eclogae

52 2090 55 2094 .
126 2039 195 2102 ὡς.
217 2037 329 2114 ..ἡδύ
356 2043 549 2100 inlustratum
572 2041 676 2115 habss3
704 2041 765 2100 iam
792 2062 827 2099 ex
850 2042 980 2118 excerpti
1003 2042 1091 2100 huius
1114 2044 1202 2119 primi
1226 2045 1299 2104 locis

124 2132 185 2191 illis
205 2130 310 2206 quibus
329 2131 514 2189 momentum
532 2131 610 2190 inest
629 2130 700 2205 quid
719 2130 794 2189 disci
812 2130 907 2206 possit
924 2130 1085 2188 videndum
1104 2134 1155 2190 est.

214 2238 248 2278 ac
266 2220 395 2296 primum
414 2219 533 2294 quidem
552 2219 694 2295 quoniam
710 2220 812 2297 ecloga
832 2215 876 2278 silc
895 2265 901 2278 .
919 2264 947 2277 ..
967 2215 1027 2293 ἡδύ
1046 2220 1147 2278 nullae
1160 2221 1299 2297 propriae

126 2309 265 2368 lectiones
280 2307 402 2367 Stobaci
420 2308 592 2383 offeruntur,
612 2327 678 2366 eam
697 2307 734 2366 ad
752 2307 936 2383 probandam
955 2309 1101 2385 originem
1115 2327 1299 2368 communem

14 2408 15 2415 ’
125 2400 293 2457 nostrorum
317 2397 529 2473 exemplarium
551 2395 718 2455 Phaedonis
745 2396 820 2454 nulli
848 2396 915 2455 usui
939 2415 1000 2455 esse
1024 2400 1156 2473 apparet.
1193 2397 1299 2456 deinde

127 2486 182 2544 loci
200 2485 233 2543 in
251 2486 349 2544 fronte
362 2485 491 2544 tabellae
505 2484 680 2562 inspiciendi
696 2487 766 2544 sunt
780 2485 886 2560 quibus
901 2485 972 2543 libri
986 2485 1120 2545 Platonis
1134 2486 1298 2545 variantur.

125 2595 153 2650 p.
168 2577 242 2652 477,
258 2576 298 2633 22
328 2594 382 2650 pro
410 2575 534 2651 vulgata
561 2574 688 2632 lectione
714 2569 798 2632 ἔοικέ
825 2590 854 2632 τι
877 2574 989 2650 legitur
1015 2575 1048 2631 in
1070 2573 1217 2633 Vaticano
1242 2567 1297 2656 (A)

127 2665 246 2739 eiusque
265 2663 389 2722 adseclis
409 2655 523 2744 (aas)
548 2657 664 2733 ἔοικεν;
688 2662 767 2720 idem
791 2663 921 2721 testatur
940 2659 1094 2722 Stobaeus.
1134 2665 1236 2721 tamen
1254 2683 1298 2722 re-

127 2752 209 2827 liqua
234 2753 378 2810 memoria
408 2751 567 2828 peculiaris
600 2751 734 2810 codicum
762 2742 907 2832 (Anas)
937 2751 973 2809 ab
1004 2753 1173 2827 excerptore
1201 2752 1299 2811 aliena

126 2843 182 2916 est3
200 2841 372 2916 discrepant
394 2841 473 2899 enim
495 2840 527 2898 hi
548 2840 618 2899 libri
642 2840 752 2917 singuli
774 2841 821 2898 vel
844 2839 977 2899 universi
1000 2840 1037 2899 ab
1062 2840 1166 2917 ecloga
1189 2842 1297 2900 omisso

125 2950 152 3006 p.
168 2932 242 3004 477,
257 2931 298 2987 22
318 2929 424 3000 τοῦτο,
444 2928 553 2988 additis
571 2950 600 3006 p.
616 2931 718 3003 usal
741 2924 840 2988 αὐτόν
858 2949 886 3004 p.
903 2930 1007 3004 478,8
1028 2925 1197 3002 πρότερον.
1230 2945 1297 3005 pro=

126 3019 190 3094 pius
210 3019 311 3076 autem
334 3037 352 3077 a
369 3019 579 3078 vetustissimis
602 3017 780 3076 membranis
799 3015 863 3075 ΒΟ
884 3036 1010 3091 quama
1037 3017 1250 3077 recentioribus
1268 3019 1301 3076 E

126 3098 303 3187 (AOEHJ
305 3099 349 3187 L)
376 3107 522 3165 familiam
546 3098 692 3187 (Anus)
721 3106 821 3164 abesse
848 3106 1027 3175 monendum
1051 3107 1109 3180 est3
1135 3127 1163 3181 p.
1184 3106 1296 3180 478‚2

126 3191 310 3269 (υνημμένω
338 3195 407 3253 libri
430 3194 495 3254 ΒΟ
516 3186 663 3275 (ΛΦθε)
685 3193 864 3251 membranis
887 3194 918 3250 Ε
941 3186 1149 3275 (AOEHJL
1158 3185 1225 3274 YF)
1253 3196 1297 3252 ina

126 3286 195 3343 vitis
215 3284 351 3357 tradunt3
371 3283 508 3343 similiter
526 3304 554 3360 p.
571 3283 673 3356 478,1
695 3276 745 3340 ἀεί
763 3281 843 3357 quod
861 3281 893 3338 in
906 3281 970 3341 Bu
986 3281 1068 3341 deest
1085 3299 1180 3357 neque
1194 3285 1226 3341 in
1240 3274 1297 3363 (A)

126 3373 276 3431 invenitur
300 3392 394 3448 neque
417 3374 449 3430 in
473 3363 587 3452 (aas)
611 3390 630 3428 a
652 3370 799 3446 principio
824 3370 915 3429 luisse
937 3370 1067 3446 videtum
1095 3375 1185 3446 atque
1208 3373 1299 3430 etiam
1390 3415 1393 3422 .

126 3461 239 3520 duabus
258 3461 326 3519 aliis
344 3461 512 3536 scripturis,
535 3481 563 3535 p.
578 3461 687 3534 478‚5
708 3456 816 3519 adroic
839 3480 866 3535 p.
882 3460 956 3536 478,
972 3463 990 3519 9
1016 3455 1175 3531 ἀλγεινόν,
1203 3463 1298 3520 maior

125 3568 193 3625 pars
216 3548 360 3608 librorum
380 3541 525 3630 (Aous)
550 3568 617 3608 cum
634 3547 699 3607 BG
719 3549 863 3624 congruit.
910 3551 942 3606 at
962 3566 1027 3606 ecce
1051 3567 1151 3607 omnes
1170 3567 1222 3607 eae
1240 3550 1297 3607 lec-

125 3641 222 3698 tiones
246 3657 322 3714 quae
347 3656 490 3697 consensu
512 3637 647 3696 codicum
665 3636 729 3696 BG
746 3628 801 3717 (A)
828 3638 1003 3713 gravissimo
1021 3636 1194 3711 probantur,
1218 3638 1298 3712 'apud

126 3726 286 3787 Stobaeum
314 3727 533 3801 desiderantum
565 3744 635 3784 nam
664 3745 730 3784 cum
757 3724 842 3783 libris
870 3725 903 3782 Ε
918 3716 1142 3805 (AOEHJL)
1170 3728 1298 3783 testatur

125 3817 319 3893 gnomologus
338 3836 367 3891 p.
382 3817 484 3891 478‚1
507 3810 736 3886 ἀναγκάῑεεθαι
757 3808 806 3873 ἀεί
824 3833 852 3888 p.
868 3814 942 3886 478,
957 3815 975 3871 2
996 3809 1125 3886 ἡμμένω
1144 3832 1172 3887 p.
1188 3814 1262 3887 478,
1277 3815 1296 3872 5

14 3912 15 3917 ’
125 3900 232 3965 αὐτῶν
250 3924 278 3979 p.
294 3906 402 3979 478,9
423 3899 542 3975 ἀλγεῖν.
581 3922 650 3980 ergo
669 3903 776 3961 horum
794 3902 956 3962 recentium
974 3901 1107 3960 codicum
1124 3904 1295 3960 memoriam

124 4090 238 4142 prorsus
267 4075 381 4127 enotare
408 4072 520 4142 neglexi
548 4071 722 4126 differentias
750 4070 897 4140 prosodiae
925 4086 977 4123 nec
1004 4086 1060 4123 non
1084 4070 1251 4139 scripturam
1274 4089 1297 4126 ει

124 4144 332 4201 terminationis
356 4162 385 4211 ηι
408 4144 454 4212 (de
477 4160 534 4212 qua
557 4143 592 4196 cf.
611 4142 810 4209 Meisterhans‚
834 4140 1067 4211 1111111111111111.3
1084 4159 1111 4210 p.
1127 4146 1160 4194 39
1185 4143 1214 4195 et
1237 4148 1296 4196 iss.

14 4268 15 4287 p
126 4214 288 4280 Schneider,
306 4214 378 4268 Plat.
394 4214 450 4268 Civ.
465 4215 478 4266 I
495 4214 583 4284 praef.
599 4233 625 4283 p.
641 4218 675 4266 49
686 4215 745 4280 sq.).
856 4214 881 4280 1)
900 4210 935 4264 cf.
954 4230 981 4280 p.
997 4217 1021 4265 8.

14 4298 15 4329 l
216 4289 242 4355 2)
261 4286 291 4338 in
310 4285 408 4355 ecloga
427 4289 465 4339 ὡ(
483 4289 588 4340 ἄτοπον
605 4327 610 4338 .
627 4326 630 4333 .
649 4327 653 4337 .
669 4286 722 4350 ἡδύ
741 4282 849 4336 nullum
868 4281 1026 4350 exemplum
1044 4283 1126 4336 huius
1145 4281 1297 4338 lectionum

14 4360 15 4365 ’
126 4356 223 4411 classis
243 4357 372 4410 occurrit.
