2958 4770
275 193 316 247 De
334 193 446 247 Ioannis
466 192 579 246 Stobaei
598 191 736 261 excerptis
755 190 908 245 Platonicis
946 191 981 244 de
999 191 1156 244 Phaedone.
1261 191 1302 254 31
1391 170 1411 199 '¹

133 379 252 423 νωνται
272 354 315 442 Ε)
335 357 386 419 καὶ
409 357 649 435 διαφθείρονται
669 352 726 441 (sio
745 359 842 419 BOD
857 380 864 417 :
879 354 1126 434 διαφθείρωνται
1141 351 1185 440 Ε)
1204 361 1304 437 cogni-

17 452 18 531 ]
132 454 197 509 tum
224 451 375 509 habemus.
421 449 473 507 ubi
502 452 601 507 autern
629 450 777 506 enuntiati
801 466 903 506 sensus
932 450 1152 507 coniunctivum
1178 448 1304 526 flagitat,

133 540 319 599 membranas
338 540 416 596 inter
434 556 465 596 se
489 539 653 597 consentire
681 536 977 595 animadvertendum
1006 539 1062 611 est3
1084 537 1120 595 cf.
1136 535 1208 595 Grit.
1224 535 1304 594 44Α

134 630 172 708 τῇ
196 625 257 702 γάρ
281 645 345 687 που
365 623 513 705 ὑετεραίᾳ
532 626 581 685 δεῖ
602 641 639 700 με
659 620 869 703 ἀποθνήεκειν
888 622 907 699 ἢ
926 622 945 704 ᾗ
967 621 1006 684 ἂν
1026 621 1101 705 ἔλθῃ
1121 622 1158 684 τὸ
1178 624 1303 685 πλοῖον.

135 718 240 775 deinde
272 738 300 792 p.
321 718 399 788 329,
420 717 460 774 13
485 708 528 796 (p.
550 707 641 794 7913)
670 714 813 790 praebent
835 715 868 772 E
888 706 1207 795 (AEHJLTPAG)
1238 733 1305 772 cum

135 805 262 864 Stobaeo
286 801 392 879 φαμὲν
416 800 456 863 ἂν
480 799 573 874 εἶναι,
599 802 678 877 quod
701 821 875 880 germanum
898 821 959 862 esse
984 803 1120 877 equidem
1138 822 1197 861 non
1215 822 1305 880 nega-

136 894 229 952 verim
254 894 379 952 conlatis
403 914 432 968 p.
453 891 533 950 82A
551 891 609 951 ποῑ
632 887 672 950 ἂν
696 886 812 951 ἄλλοεέ
835 907 941 965 φαμεν
965 882 1021 971 (sic
1040 891 1193 951 Bonae
1208 913 1215 950 :
1229 891 1304 966 φαῖ-

137 979 194 1055 μὲν
215 981 242 1041 G
260 974 381 1062 Ευοοδ.)
400 977 457 1040 τάε
480 976 631 1040 τοιαύταε
650 975 730 1038 ἰέναι
750 982 825 1056 etp.
843 978 939 1039 1030
959 976 1018 1039 οὐκ
1041 975 1080 1039 ἀν
1099 976 1180 1040 ποτε’
1198 996 1305 1055 φαμεν

135 1063 191 1151 (sic
215 1069 355 1129 BODc:
375 1069 494 1144 potuer
513 1062 557 1149 Ε)
571 1065 742 1140 ,ἐθελῆεαα
771 1068 822 1127 sed
850 1067 970 1143 φαῖμεν
999 1064 1038 1127 ἀν
1063 1064 1143 1133 εἶναι
1170 1069 1306 1128 codicum

135 1158 231 1218 1301)
249 1151 360 1239 (esc)
384 1161 414 1216 et
436 1158 534 1234 ipsum
560 1158 597 1215 ad
622 1156 839 1232 antiquitatem
855 1156 951 1216 redire
973 1157 1120 1216 Eusebius
1139 1151 1180 1238 (p.
1197 1158 1290 1215 551d

135 1245 405 1322 etOlympiodorus
421 1238 463 1326 (p.
477 1248 528 1321 64,
544 1238 599 1326 18)
615 1248 706 1305 testes
721 1249 799 1304 sunt.
819 1248 973 1321 praeterea
986 1267 1014 1321 p.
1031 1247 1105 1320 331,
1120 1248 1138 1304 3
1155 1239 1197 1325 (p.
1213 1247 1290 1305 8οΒ

135 1356 169 1394 ex
188 1335 382 1394 collocatione
396 1334 554 1393 verborum
572 1332 737 1394 πολυειδεῖ
755 1330 805 1393 καὶ
825 1329 954 1413 ἀνοήτῳ
973 1353 1063 1409 quam
1082 1335 1196 1394 codices
1211 1334 1307 1394 1301)

136 1425 265 1483 offerunt
283 1424 390 1482 horum
408 1422 552 1481 librorum
573 1423 747 1480 memoriam
765 1441 832 1481 cum
850 1423 930 1481 ultra
949 1425 1083 1499 tempora
1102 1423 1224 1483 Stobaei
1241 1426 1307 1481 tum

136 1515 226 1571 etiam
251 1511 372 1570 Eusebii
391 1502 442 1591 (cf.
461 1530 489 1586 p.
511 1512 572 1569 552
585 1502 619 1591 d)
642 1511 777 1570 recedere
802 1511 1011 1589 conligendum
1035 1514 1087 1570 est.
1125 1531 1307 1588 quamquam

136 1602 284 1660 sinceram
302 1600 436 1658 Platonis
456 1600 621 1658 orationem
639 1600 695 1659 hoc
718 1600 783 1658 loco
802 1619 838 1658 ne
857 1599 954 1662 1301)
973 1600 1092 1675 quidem
1110 1620 1242 1660 servasse
1259 1602 1305 1662 iu-

136 1689 209 1748 dico.
239 1689 312 1748 satis
332 1691 431 1748 antem
448 1687 628 1765 peculiarem
646 1688 838 1748 traditionem
857 1689 1013 1764 antiquam
1035 1689 1066 1747 in
1085 1690 1242 1749 familiaB
1256 1689 1306 1749 ob-

17 1806 18 1855 }
134 1778 216 1837 viam
230 1796 292 1836 esse
305 1777 498 1835 inlustratum
511 1779 574 1836 fore
589 1795 702 1851 censeo,
716 1777 846 1836 si·verba
860 1774 912 1837 καὶ
925 1773 1062 1858 ἀνοήτῳ,
1078 1797 1203 1854 quorum
1217 1779 1306 1838 collo-

136 1866 251 1925 catione
261 1866 334 1925 haec
342 1865 751 1942 familjaareliquistestibus
760 1866 906 1942 abhorret,
914 1885 968 1942 pro
977 1867 1187 1927 additamentis
1197 1869 1306 1942 spuriis

137 1955 275 2013 habenda
294 1973 356 2014 esse
376 1954 555 2031 apparuerit.
594 1957 684 2031 atque
703 1973 823 2030 prorsus
841 1955 942 2031 inepte
961 1952 1011 2014 καὶ
1035 1950 1164 2036 ἀνοήτῳ
1183 1957 1307 2015 dictioni

138 2062 213 2119 quae
231 2043 383 2118 praecedit
401 2040 452 2102 καὶ
470 2045 578 2123 νοητῷ
594 2044 704 2119 opponi
721 2043 877 2103 fatendum
891 2047 943 2102 est.
972 2063 1120 2120 nusquam
1134 2046 1212 2104 enim
1227 2046 1306 2122 apud

137 2133 293 2192 Platonem
315 2128 453 2205 ἀνόητοί
471 2132 595 2191 verbnm
615 2133 651 2191 ab
672 2152 705 2192 eo
724 2133 947 2210 frequentatum
965 2134 996 2191 id
1016 2133 1095 2209 quod
1113 2136 1229 2193 ratione
1247 2153 1307 2193 non

136 2222 254 2296 capitur
276 2221 436 2299 significat3
461 2239 538 2295 quae
561 2241 607 2280 res
630 2240 726 2296 neque
745 2223 922 2298 interpretes
945 2222 1041 2280 nostri
1059 2222 1125 2282 aevi
1143 2225 1307 2299 praeteriit,

136 2330 152 2368 e
181 2309 287 2386 quibus
316 2301 537 2389 Hermannus¹)
575 2305 711 2388 αἰεθητῷ
739 2329 793 2386 pro
823 2306 951 2390 ἀνοήτῳ
984 2328 1014 2368 se
1042 2314 1212 2386 exspectare
1239 2331 1306 2387 pro-

136 2398 230 2457 fessus
263 2401 321 2472 est,
353 2418 448 2473 neque
476 2400 723 2457 commentatores
752 2399 891 2474 antiquos
924 2418 1049 2474 quorum
1077 2397 1307 2476 Olympiodorus

140 2488 247 2567 νοητῷ
271 2487 367 2546 active
390 2487 503 2546 dictum
526 2504 588 2545 esse
607 2479 741 2567 voluit.²')
779 2491 811 2547 at
833 2488 901 2547 vide
924 2506 961 2545 ne
984 2484 1035 2546 καὶ
1059 2482 1185 2567 ἀνοήτῳ
1209 2489 1306 2548 deleto

138 2577 233 2634 omnis
261 2575 422 2634 difficultas
450 2578 565 2634 remota
592 2577 639 2635 sit.
676 2594 747 2634 nam
775 2577 854 2650 quod
877 2575 974 2634 verbis
997 2577 1043 2654 τῷ
1072 2573 1128 2648 μὲν
1153 2572 1228 2656 θείῳ
1256 2574 1307 2635 καὶ

137 2658 288 2743 ἀθανάτῳ
321 2661 371 2723 καὶ
399 2666 506 2743 νοητῷ
538 2661 589 2723 καὶ
613 2664 773 2737 μονοειδεῑ
800 2661 851 2723 καὶ
880 2659 1041 2743 ἀδιαλύτῳ
1071 2660 1122 2722 καὶ
1150 2659 1199 2723 ἀεὶ
1226 2662 1307 2724 κατὰ

136 2748 238 2811 ταύτὰ
262 2748 368 2826 ἔχοντι
387 2754 505 2811 tantum
524 2753 653 2829 quinque
672 2752 816 2812 dictiones
835 2755 1039 2830 opponuntur,
1059 2753 1090 2810 id
1109 2753 1153 2810 nil
1172 2754 1307 2813 offensio·

136 2843 183 2899 nis
201 2841 309 2900 habere
329 2843 389 2901 alio
407 2842 472 2901 loco
486 2842 652 2900 Phaedonis
671 2842 833 2901 clarissime
852 2842 996 2918 probatur
1010 2863 1039 2918 p.
1055 2842 1133 2899 83Β
1152 2838 1238 2916 ψυχὴ
1255 2888 1261 2900 .
1277 2889 1306 2902 ..

17 2974 18 2981 ,
137 2924 291 3002 ἀπέχεται
319 2929 384 2989 τῶν
413 2926 541 3003 ἡδονῶν
569 2946 603 2990 τε
631 2927 682 2990 καὶ
712 2927 885 3006 ἐπιθυμιῶν
909 2928 959 2989 καί
983 2929 1094 2989 λυπῶν
1118 2927 1168 2990 καὶ
1191 2928 1307 3006 φόβων

137 3014 327 3090 λογιζομένη
352 3013 401 3077 ὅτι
425 3014 555 3078 ἐπειδάν
579 3036 626 3079 τιε
650 3017 776 3094 (φόδρα
798 3015 876 3098 ήεθῇ
900 3016 919 3093 ἢ
943 3019 1070 3097 φοβηθῇ
1095 3015 1306 3100 ἢέπιθυμήεῃ

136 3099 195 3186 (sic
215 3104 311 3163 BOD
325 3103 366 3180 ιῆ
390 3105 515 3184 λυπηθῇ
538 3108 593 3165 ins.
616 3110 685 3182 post
708 3109 836 3186 φοβηθῇ
856 3109 907 3166 Ευ
922 3129 930 3166 :
944 3109 1012 3183 post
1035 3104 1111 3185 ἡεθῇ
1131 3108 1307 3168 Iamblich.:

137 3191 190 3253 καὶ
213 3192 337 3271 λυπηθῇ
357 3197 425 3269 post
442 3190 521 3273 ήεθῇ
538 3195 657 3255 Amos
674 3188 803 3277 papyr.).
837 3197 925 3255 sicuti
942 3218 971 3272 p.
988 3197 1064 3255 83Β
1084 3195 1208 3275 λυπηθῇ
1229 3198 1307 3271 quod

136 3282 325 3342 substantivo
350 3281 461 3343 λυπῶν
486 3284 690 3358 responderet,
713 3285 785 3343 item
808 3306 836 3362 p.
857 3285 934 3343 8οΒ
954 3281 1082 3364 ἀνοήτῳ
1102 3285 1181 3361 quod
1200 3288 1307 3366 νοητῷ

138 3374 337 3446 opponeretur
355 3372 478 3431 lectores
497 3372 663 3431 Phaedonis
682 3374 883 3448 antiquissimi
903 3393 955 3433 suo
974 3374 1105 3449 periculo
1125 3374 1307 3451 supplevisse

139 3461 329 3519 existimandi
352 3462 429 3520 sunt.
468 3464 523 3520 etsi
547 3464 645 3522 autem
669 3482 697 3537 p.
719 3463 796 3521 8οΒ
820 3462 1056 3522 additamentum
1081 3464 1129 3521 vel
1157 3463 1307 3527 injlibros

138 3548 235 3608 1301)
252 3549 389 3625 inrepsit,
413 3554 513 3609 tamen
537 3570 572 3608 ex
600 3553 663 3611 eius
690 3552 837 3627 positione
863 3553 1043 3629 singularem
1065 3549 1237 3610 memoriam
1260 3552 1307 3610 his

17 3688 18 3709 2
137 3637 224 3696 libris
248 3637 342 3696 inesse
370 3639 523 3697 evincitur.
561 3640 699 3698 similiter
721 3660 749 3716 p.
770 3643 844 3716 331,
864 3642 883 3699 5
903 3633 945 3722 (p.
969 3642 1010 3698 80
1020 3632 1061 3721 Β)
1085 3639 1164 3715 quod
1192 3640 1306 3698 codices

17 3728 18 3731 ’
139 3726 234 3785 1301)
258 3718 435 3807 (Amase)
459 3729 491 3784 in
518 3730 672 3787 enuntiato
701 3724 816 3803 ἔχομέν
844 3746 873 3788 τι
901 3725 989 3802 παρὰ
1016 3727 1116 3788 ταῦτα
1145 3722 1225 3788 ἄλλο
1255 3725 1306 3787 λε’-

139 3831 207 3884 γειν
226 3862 232 3874 .
253 3861 258 3872 .
279 3811 323 3893 ,ᾗ
349 3811 408 3888 οὐχ
433 3811 536 3875 οὕτω(
559 3811 624 3890 ἔχει
647 3814 807 3897 ποιίυιιίή
831 3836 885 3894 pro
912 3814 956 3877 ῶε
980 3817 1123 3876 librorum
1141 3818 1174 3874 Ε
1189 3809 1308 3898 (ΑΕΗ

139 3904 165 3963 J
166 3903 196 3960 L
204 3897 241 3985 Υ)
267 3902 387 3963 Stobaei
409 3904 530 3963 Eusebii
549 3896 591 3984 (p.
614 3897 736 3985 5523),
759 3906 790 3964 id
814 3907 927 3982 optimo
953 3908 1016 3965 iure
1035 3905 1212 3964 Schanzium
1229 3923 1306 3963 rece-

17 4008 18 4015 *
138 3993 217 4067 pisse
235 3994 308 4052 locis
328 3993 503 4067 quibusdam
523 3994 617 4051 veluti
635 3994 742 4053 Phaed.
763 3993 839 4053 850
858 3996 977 4054 Theaet.
1000 3993 1095 4053 1840
1114 3993 1183 4071 Leg.
1205 3995 1267 4052 963
1279 3995 1306 4051 Ι)

140 4080 366 4141 demonstratur.
393 4081 464 4141 item
478 4104 506 4158 p.
523 4083 596 4156 331,
613 4085 652 4140 12
670 4076 711 4163 (p.
727 4084 769 4142 80
776 4075 812 4163 O)
827 4085 1013 4142 membranas
1029 4083 1125 4143 BOD
1140 4084 1307 4158 experiere

230 4289 255 4355 1)
275 4287 309 4342 cf.
325 4288 367 4341 ed.
383 4288 470 4356 praef.
486 4307 511 4356 p.
529 4294 570 4340 15.

229 4363 255 4429 2)
275 4360 309 4412 cf.
325 4358 527 4427 Wyttenbachi
546 4359 610 4413 adn.
626 4359 662 4412 ad
680 4358 698 4412 l.
