2958 4770
282 165 324 219 De
342 165 454 220 Ioannis
473 166 587 221 Stobaei
606 168 743 236 excerptis
762 167 915 222 Platonicis
952 168 988 220 de
1005 166 1162 220 Phaedone.
1266 164 1306 227 11

136 332 301 392 Platonicis
328 333 409 393 dicta
437 337 519 408 sunt,
547 336 638 394 etiam
665 355 724 395 non
752 336 837 395 nulla
863 336 899 394 de
927 352 1049 393 numero
1077 337 1109 392 et
1135 332 1306 392 condicione

136 422 480 481 librorum'Phaedonem
490 424 706 483 continentium
715 426 906 499 praemittere
917 424 1114 483 necessarium
1124 424 1176 481 est.
1197 420 1306 480 Schen-

137 513 222 570 ziana
237 511 350 589 dialogi
364 513 495 572 recensio
509 513 592 571 libris
607 514 724 588 scriptis
740 514 891 588 quattuor,
905 513 1068 573 Bodleiano
1082 511 1113 570 B
1128 508 1310 570 OrusianOC

138 600 260 659 Venetis
278 601 309 658 D
329 602 360 657 et
376 600 408 665 Ε
424 601 544 676 nititur,
568 621 694 676 quorum
714 601 807 660 libros
824 600 922 660 BOD
939 600 1060 659 vinculo
1082 599 1307 659 necessitudinis

137 688 286 747 artissimo
305 689 384 746 inter
403 706 433 747 se
452 691 625 749 coniunctos
644 708 707 748 esse
730 690 877 748 neminem
899 689 1003 748 fallere
1026 691 1139 764 potest,
1160 690 1206 746 ita
1224 690 1258 746 ut
1275 688 1307 745 hi

136 778 206 836 libri
229 778 403 835 memoriam
434 778 536 837 classis
564 779 672 853 prioris
696 798 714 836 a
738 777 881 837 Sehanzio
910 779 1042 837 statutae
1070 777 1235 836 exhibeant.
1272 795 1307 833 ex

138 867 234 924 altera
253 867 353 924 autem
372 868 457 940 parte
476 886 569 924 unum
587 866 734 925 Venatum
752 868 791 942 E,
810 867 940 925 codicem
962 867 994 925 in
1017 885 1103 925 usum
1122 864 1306 926 Bessarionis

137 954 311 1029 cardinalis,
345 954 483 1029 discipuli
510 954 636 1014 Gemisti
662 956 815 1015 Plethonis
843 957 986 1031 scriptum
1014 955 1110 1013 editor
1138 953 1193 1012 sibi
1222 954 1307 1028 quasi

137 1043 288 1118 exemplar
316 1044 409 1101 totius
435 1044 568 1103 familiae
597 1046 736 1120 sumpsit,
769 1045 889 1120 eiusque
917 1044 1079 1120 scripturas
1106 1059 1166 1102 non
1193 1043 1306 1101 61111616

137 1132 294 1209 diligentia
308 1131 465 1191 adnotavit
475 1152 565 1207 quam
578 1134 720 1193 lectiones
734 1134 879 1192 librorum
888 1134 984 1192 multo
993 1133 1191 1192 vetustiorum
1200 1129 1305 1190 1301).

136 1241 240 1279 verum
258 1240 336 1280 nunc
355 1219 515 1280 Schanzius
534 1242 570 1280 ne
588 1223 652 1298 ipse
672 1223 793 1298 quidem
812 1224 953 1297 quattuor
971 1222 1040 1280 illos
1058 1221 1160 1295 libros,
1180 1239 1306 1296 quorum

137 1309 279 1370 lectiones
298 1310 329 1367 in
353 1309 545 1369 adnotatione
564 1313 668 1371 critica
687 1312 848 1389 congessit,
872 1313 1047 1386 archetypos
1067 1311 1199 1368 omnium
1216 1309 1306 1368 libro·

136 1419 203 1456 rum
226 1398 394 1457 Phaedonis
418 1417 480 1457 esse
505 1400 626 1459 iudicat.
663 1401 796 1459 familiae
824 1420 914 1475 quam
937 1399 1013 1458 dixit
1037 1399 1165 1475 priorem
1189 1400 1308 1474 praeter

136 1486 233 1547 BOD
257 1487 347 1546 etiam
371 1488 485 1547 codices
509 1490 664 1563 quattuor,
690 1508 764 1565 quos
787 1490 904 1547 Bekker
925 1490 1004 1548 notis
1025 1486 1143 1547 Amas
1167 1487 1307 1565 signavit,

137 1570 311 1652 attribuit.1)
350 1576 455 1634 deinde
479 1577 516 1635 ab
540 1577 601 1636 illis
620 1580 733 1653 septem
750 1577 836 1637 libris
859 1579 947 1639 unius
970 1577 1086 1655 generis
1104 1577 1307 1635 Bekkerianos

137 1657 364 1742 Aenum)
388 1665 514 1724 maxime
538 1666 705 1742 discrepare
729 1667 856 1741 censuit,
880 1668 931 1742 qui
955 1685 1055 1725 omnes
1080 1665 1230 1724 aVeneto
1252 1656 1306 1744 ΤΒ)

137 1754 265 1812 derivati
282 1754 451 1813 fidelissime
474 1757 649 1815 memoriam
672 1757 795 1815 alterius
818 1757 951 1815 familiae
974 1755 1118 1816 librorum
1141 1752 1307 1833 Phaedonis

138 1843 285 1901 offerrent.
312 1843 400 1901 simul
415 1846 494 1902 certo
509 1844 604 1902 limite
620 1844 692 1904 duas
709 1846 818 1904 classes
831 1844 975 1904 librorum
989 1843 1134 1920 distingui
1147 1862 1207 1901 non
1221 1859 1307 1918 posse

139 1930 299 1990 Schanzius
327 1932 487 1994 concedens
515 1952 574 1992 non
601 1934 699 1993 nullos
723 1934 838 1993 codices
860 1935 892 1992 in
920 1936 1005 2009 parte
1028 1934 1127 2008 priore
1151 1930 1188 1988 ab
1212 1931 1308 1988 altera

138 2019 265 2094 familia,
289 2021 321 2077 in
344 2021 506 2096 posteriore
529 2040 548 2079 a
570 2023 668 2098 priore
687 2025 767 2081 stare
793 2022 893 2081 edixit.
931 2025 1023 2097 atque
1041 2021 1120 2079 inter
1137 2019 1307 2079 huiusmodi

137 2108 229 2168 libros
247 2108 279 2166 in
297 2108 399 2168 libello
418 2110 471 2184 qui
493 2110 666 2170 inscribitur
684 2105 794 2170 ‘Ueber
816 2111 873 2169 den
896 2110 1075 2169 Platocodex
1097 2109 1150 2168 der
1171 2108 1307 2166 Markus-

137 2189 347 2278 bibliothek’4)
374 2198 472 2274 ipsum
493 2199 642 2258 Venatum
664 2201 697 2258 Ε
722 2219 800 2258 nunc
827 2198 997 2259 numeravit
1024 2218 1113 2273 quem
1140 2201 1211 2256 tunc
1239 2216 1307 2255 cum

137 2285 324 2345 Phaedonem
348 2286 467 2362 edebat,
489 2288 628 2347 idoneum
650 2289 791 2364 putabat,
814 2289 868 2364 qui
890 2287 986 2346 instar
1009 2287 1140 2345 omnium
1162 2286 1307 2345 librorum

139 2375 262 2434 alterius
281 2375 383 2434 classis
401 2374 563 2453 imaginem
581 2380 825 2453 repraesentaret.
858 2395 936 2451 quae
954 2395 1023 2435 eum
1040 2377 1085 2434 ita
1103 2374 1172 2449 sint,
1189 2376 1308 2450 praeter

139 2463 337 2523 Sehanzianos
350 2465 441 2526 etiam
450 2464 653 2525 Beklrerianos
667 2466 759 2526 libros
772 2466 804 2524 in
818 2485 939 2525 censum
946 2463 1094 2524 vocandos
1109 2481 1171 2523 esse
1185 2465 1277 2538 patet.
1293 2456 1306 2543 )

227 2659 328 2699 earum
352 2661 425 2717 quas
449 2642 628 2702 Stobaeuse
651 2643 809 2702 Phaedone
834 2642 999 2718 desumpsit
1023 2642 1192 2719 eclogarum
1211 2640 1307 2715 prima

138 2726 182 2788 111(
210 2723 335 2789 ἄτοπον
364 2777 370 2788 .
395 2777 401 2789 .
427 2777 433 2790 .
460 2726 522 2803 ἡδύ
546 2723 588 2812 (p.
610 2734 651 2792 60
661 2724 769 2812 Β-Ο)
797 2731 947 2807 reperitur
973 2731 1006 2788 in
1033 2728 1140 2788 libriI
1167 2728 1307 2804 eapiteL

138 2810 349 2898 (Wachsmuth
367 2819 382 2876 I
400 2839 428 2894 p.
448 2821 522 2896 477,
543 2820 705 2896 22-478,
726 2813 761 2901 9)
780 2820 942 2897 praemisso
964 2820 1104 2878 lemmate
1127 2812 1307 2877 Πλάτωνο(

138 2903 172 2966 ἐκ
196 2906 254 2966 τοῦ
278 2902 454 2967 Φαίδωνος.
491 2908 658 2968 differentia
677 2911 840 2984 scripturae
859 2910 932 2968 11666
951 2912 1008 2968 est:

138 3059 249 3128 eclogas
263 3059 346 3113 unius
360 3059 523 3113 memoriam
536 3061 570 3129 (c.
582 3065 642 3127 120,
653 3065 685 3113 31
702 3059 781 3126 βαβαί
796 3099 837 3114 ...
852 3061 1068 3114 ἀπαλλάττεεθαι
1083 3059 1306 3128 6841)-863)

138 3146 171 3184 ex
195 3132 333 3199 apparatu
357 3128 552 3185 Gaisfordieno
576 3131 672 3199 petivi.
693 3130 849 3184 -deinde
871 3130 1021 3199 praemitto
1050 3129 1080 3182 in
1103 3128 1307 3182 constituendis

137 3200 267 3270 gnomolo
290 3201 311 3254 ’1
332 3202 423 3255 verbis
447 3201 581 3256 lectiones
600 3201 716 3255 alterius
734 3217 833 3255 manus
852 3200 957 3254 codicis
976 3200 1097 3254 Parisini
1117 3199 1305 3268 ‘Eclogarum’

137 3271 181 3340 (cf.
197 3270 269 3326 Wac
291 3272 397 3340 smuth,
420 3272 490 3341 prol.
505 3288 531 3342 p.
552 3275 596 3340 27)
619 3271 704 3342 plane
728 3272 898 3326 omittendas
921 3287 989 3325 esse.
1027 3288 1074 3325 eas
1098 3270 1172 3325 enim
1194 3270 1307 3325 liltore

137 3342 282 3397 codicibus
300 3343 453 3397 Platonicis
472 3344 656 3414 interpolatas
675 3360 736 3398 esse
754 3343 825 3397 mihi
843 3342 1000 3398 affirmavit.

198 3466 200 3470 ,
228 3416 254 3483 1)
273 3414 307 3468 cf.
324 3413 494 3473 Platocodex
511 3433 538 3484 p.
555 3421 596 3470 66.

226 3487 254 3554 2)
273 3485 466 3555 distinguendi
485 3489 550 3540 sunt
567 3486 690 3541 Bekkeri
709 3486 732 3540 0
748 3485 901 3555 (Parisinus
922 3488 1001 3554 1809)
1020 3487 1049 3538 61
1068 3483 1186 3538 86116611
1202 3483 1225 3537 0
1241 3482 1307 3552 (Tn-

137 3556 304 3626 bingensis);
328 3556 396 3610 item
418 3556 540 3611 Bekkeri
558 3558 589 3611 E
605 3557 758 3626 (Parisinus
779 3559 858 3627 1811)
882 3560 910 3611 et
934 3556 1052 3610 Schanai
1065 3556 1096 3609 E
1112 3554 1244 3626 (Bekkcri
1264 3555 1306 3623 Ξ).

227 3630 254 3696 6)
272 3627 364 3682 varias
382 3627 516 3682 lectiones
534 3628 617 3683 huius
635 3629 702 3682 libri
716 3628 840 3682 nendum
854 3628 962 3696 publici
976 3627 1045 3681 16116
1059 3627 1150 3682 factas
1164 3641 1226 3680 6666
1240 3641 1308 3680 6666

139 3697 292 3752 dolendum
310 3701 360 3752 est.
451 3702 479 3768 4)
496 3718 523 3769 p.
540 3705 573 3754 66
593 3703 622 3754 61
639 3718 666 3768 p.
682 3704 813 3754 89-108.

226 3770 253 3839 5)
273 3769 339 3836 qnia
357 3772 452 3824 tamen
471 3769 590 3824 Schanai
607 3772 689 3825 notas
711 3769 848 3824 librorum
871 3769 965 3837 quoad
988 3768 1086 3823 attulit
1108 3785 1171 3821 cum
1189 3766 1307 3821 Wachs-

137 3839 234 3894 mutho
258 3841 287 3893 et
309 3839 419 3894 Henseo
447 3841 602 3895 editoribus
626 3841 740 3896 Stobaei
763 3857 899 3910 usurpare
921 3839 1010 3906 volni,
1034 3839 1107 3908 sigla
1130 3837 1308 3892 Bekkeriana

20 3916 21 3919 ’
137 3911 216 3965 uncis
236 3911 341 3980 saepsi3
366 3928 421 3979 que
439 3912 545 3966 fectum
564 3914 658 3967 estut
679 3913 721 3966 nil
743 3912 914 3966 incommodi
936 3911 1041 3965 habeat
1059 3910 1135 3978 quod
1152 3908 1266 3963 litterae
1286 3909 1309 3963 O

138 3984 166 4035 et
184 3982 216 4035 Ε
237 3981 307 4036 61166
334 3981 421 4036 libros
449 3983 524 4052 apud
548 3983 726 4049 Schanaium,
755 3982 826 4038 alios
850 3983 925 4052 apud
952 3980 1111 4035 Bekkerum
1138 3979 1306 4049 significant.

138 4052 191 4106 hae
214 4052 302 4122 igitur
325 4054 447 4108 sedecim
470 4056 554 4109 notae
576 4054 606 4107 in
631 4054 745 4108 tabellis
763 4054 903 4108 variarum
925 4052 1078 4106 lectionum
1097 4052 1208 4107 obviam
1226 4054 1308 4104 amnt

138 4124 264 4178 BCDE
282 4124 581 4191 (AnesrcEHJL
590 4127 659 4194 ῬΓ),
696 4127 842 4194 praeterea
868 4142 925 4178 uno
954 4141 1066 4192 quoque
1092 4123 1154 4177 loce
1182 4122 1307 4176 invenies

138 4196 233 4250 notam
251 4213 268 4249 o
286 4211 343 4262 qua
361 4195 471 4249 codices
489 4195 591 4263 reliqui
609 4198 721 4264 praeter
739 4212 786 4249 eos
805 4212 923 4262 quornm
945 4196 1059 4264 propria
1077 4197 1145 4249 6616
1164 4194 1307 4263 adscripta

139 4268 181 4318 est
198 4265 478 4334 comprehenduntur.
641 4267 676 4320 de
690 4267 726 4320 d¹
745 4265 814 4333 quid
827 4265 923 4320 valeat
936 4266 970 4320 cf.
987 4265 1103 4332 Schana,
1122 4265 1206 4335 adp.
1223 4270 1266 4331 89,
1281 4271 1305 4319 6.

21 4338 22 4345 ’
140 4336 256 4391 Studien
274 4354 301 4406 p.
317 4341 341 4390 6.
