2958 4770
301 191 343 243 De
361 190 473 244 Ioannis
493 191 607 245 Stobaei
626 192 764 260 excerptis
782 192 936 246 Platonicis
973 193 1009 246 de
1027 193 1184 247 Phaedone.
1285 194 1328 258 35

158 360 279 435 quidem
302 359 407 417 merito
431 359 652 434 praedicantur,
675 358 733 416 nisi
755 362 832 418 forte
856 380 922 418 cum
946 361 1050 419 ceteris
1073 380 1174 419 eorum
1196 363 1328 437 proprie-

158 448 272 506 tatibus
291 447 382 506 etiam
401 466 450 505 eas
469 466 545 522 quae
568 448 600 505 in
623 448 785 506 traditione
803 448 960 507 Bodleiani
977 452 1135 508 recmrunt
1152 469 1180 525 p.
1196 453 1270 523 477,
1286 454 1326 509 22

157 558 187 612 p.
208 538 279 611 326,
296 538 314 594 3
333 557 362 612 p.
384 538 513 611 327,17
532 555 560 611 4,
582 538 688 611 329,2
709 556 737 611 p.
759 538 831 611 329,
848 539 887 594 11
907 558 935 612 p.
957 538 1028 613 330,
1046 539 1086 596 18
1110 538 1241 598 novicius
1266 557 1327 597 esse

158 624 313 684 evincitur.
352 626 436 682 4144
459 627 525 682 tum
549 624 669 699 quidem
694 625 876 701 archetypon
897 625 1031 683 familiae
1045 628 1077 684 E
1094 629 1124 684 et
1141 629 1241 685 textus
1261 626 1327 685 Sto-

156 714 266 772 baeani
292 712 442 789 peculiare
470 713 601 789 cogitare
626 714 742 788 liceret,
770 714 860 771 immo
883 715 908 772 si
930 714 1072 772 lectiones
1096 734 1173 790 qnae
1195 715 1279 773 libris
1298 717 1330 774 Ε

158 796 368 882 (ACEHJL
376 794 414 882 Y)
434 820 501 860 cum
525 802 623 860 codice
642 801 802 861 Oxoniensi
825 821 994 861 communes
1018 805 1089 861 sunt
1106 805 1190 862 velut
1207 824 1235 879 4.
1253 806 1294 862 47
1300 807 1327 879 7,

160 895 200 950 22
221 886 305 950 ἔοικέ
323 908 352 950 τι
371 891 490 966 spuriae
508 892 615 965 essent,
633 890 696 965 ipse
715 891 936 949 vetustissimus
954 891 1030 950 liber
1047 891 1077 949 Β
1101 910 1118 949 4
1137 894 1279 951 memoria
1298 895 1330 952 Ε

157 980 307 1055 penderet.
345 997 481 1038 concesso
500 989 570 1039 vero
589 998 648 1037 non
666 979 754 1037 modo
774 979 811 1037 ab
830 983 1008 1055 excerptoris
1027 981 1204 1055 recensione,
1222 1001 1328 1040 verum

158 1069 250 1126 etiam
273 1087 292 1125 a
314 1068 475 1126 traditione
497 1067 656 1126 Bodleiani
682 1067 774 1127 libros
793 1070 826 1126 E
851 1061 1030 1148 (AOEHJ
1031 1070 1061 1127 L
1069 1062 1107 1150 Y)
1135 1069 1327 1146 descendisse,

157 1176 261 1215 rursus
280 1156 339 1215 nisi
357 1157 389 1214 E
405 1148 615 1237 (AOEHJL
624 1149 661 1237 Y)
685 1177 713 1231 p.
734 1158 807 1232 477,
828 1158 868 1214 22
887 1177 916 1232 p.
937 1159 1010 1231 326,
1031 1161 1102 1232 3sq.
1121 1159 1226 1217 iisdem
1244 1160 1326 1218 uitiis

157 1248 248 1320 atque
272 1244 462 1303 Glarcianum
486 1248 645 1320 occupatos
669 1263 732 1304 4444
750 1245 902 1303 firmatum
925 1246 996 1321 erit,
1018 1246 1191 1305 memoriam
1210 1248 1242 1305 Ε
1258 1251 1328 1323 4441

158 1333 321 1393 Stobaenm
336 1353 351 1391 e
370 1334 469 1392 codice
484 1333 514 1391 Β
527 1333 741 1409 interpolatam
755 1352 817 1393 esse
830 1353 885 1409 pro
900 1337 979 1393 certo
994 1335 1053 1393 dici
1067 1336 1180 1411 nequit.
1209 1336 1327 1394 etiamsi

158 1423 237 1480 enim
255 1422 389 1481 codicum
407 1423 439 1480 Ε
456 1414 502 1500 (Λ
509 1421 608 1480 OEH
609 1423 635 1482 J
637 1422 666 1479 L
674 1414 712 1504 Y)
737 1442 804 1480 cum
824 1426 993 1498 excerptore
1012 1441 1172 1482 consensus
1190 1425 1325 1500 plurimis

156 1511 231 1569 locis
255 1511 438 1587 gravissimis
460 1510 603 1586 probatus
626 1511 766 1570 lectiones
791 1509 828 1569 ab
852 1513 961 1588 eclogia
980 1512 1093 1570 alienas
1110 1512 1218 1570 horum
1236 1513 1325 1571 libro·

155 1620 222 1657 rum
242 1599 278 1657 ab
297 1618 398 1658 eorum
421 1590 583 1675 archetypo
606 1598 717 1658 afuisse
740 1618 841 1658 omnes
865 1601 903 1658 ad
927 1619 1017 1658 unam
1035 1602 1070 1657 ut
1088 1619 1240 1660 sumamus
1260 1620 1325 1659 sua-

156 1689 239 1763 deat,
261 1690 361 1746 tamen
384 1688 581 1763 proprietates
605 1687 748 1747 eiusmodi
772 1707 848 1764 quae
872 1691 908 1747 ut
925 1708 953 1763 p.
973 1691 1048 1763 477,
1068 1691 1108 1746 22
1133 1684 1217 1748 ἔοικέ
1240 1706 1268 1747 τι
1287 1691 1325 1748 ad

156 1777 254 1852 ipsum
284 1776 441 1836 Platonem
470 1777 565 1835 redire
591 1777 764 1850 videantur,
790 1777 955 1836 recensioni
982 1778 1161 1853 archetypae
1184 1778 1216 1835 Ε
1236 1779 1325 1836 44114-

157 1885 246 1940 quere
278 1865 356 1923 44114
386 1866 528 1941 44414141.
578 1866 678 1922 utrum
721 1865 815 1942 igitur
856 1885 890 1923 44
931 1884 990 1924 uno
1031 1866 1193 1941 eodemque
1230 1886 1324 1924 exem-

155 1953 234 2029 plari
253 1954 379 2028 antiquo
398 1952 531 2011 diversae
549 1956 720 2012 nostrorum
744 1954 879 2012 codicum
901 1954 1034 2012 familiae
1056 1954 1215 2031 inquibus
1234 1955 1324 2031 scrip-

155 2044 240 2101 turae
259 2041 426 2119 anthologii
445 2045 616 2118 comparent
630 2060 716 2100 suam
731 2061 864 2118 quaeque
878 2046 994 2118 partem
1008 2043 1168 2102 memoriae
1183 2042 1324 2101 Stobaea-

44 2184 49 2194 ,
156 2149 212 2188 444
238 2130 415 2206 petiverint,
442 2149 482 2188 an
508 2131 639 2190 recensio
667 2151 727 2207 qua
755 2133 908 2208 excerptor
935 2150 1005 2190 usus
1034 2133 1079 2189 est
1105 2131 1171 2207 ipsa
1194 2152 1210 2190 4
1234 2132 1325 2191 variis

155 2219 287 2278 fontibus
297 2220 460 2278 constituta
469 2219 569 2294 144411,
578 2219 609 2276 14
620 2220 761 2297 ambiguo
770 2219 1000 2294 relinquendum
1014 2239 1076 2279 esse
1091 2220 1199 2279 acriter
1210 2239 1323 2279 menen.

243 2311 278 2366 ut
306 2311 406 2365 autem
431 2308 562 2366 dubitari
590 2307 677 2366 debet
703 2328 776 2366 num
802 2309 933 2388 recensio
962 2308 1132 2367 Stobaeana
1159 2328 1214 2383 pro
1241 2310 1324 2368 fonte

154 2395 290 2455 habenda
309 2396 350 2454 sit
368 2415 402 2454 44
415 2415 480 2470 444
498 2395 592 2455 mixto
606 2415 673 2455 cum
686 2396 848 2456 traditione
862 2397 1019 2456 Bodleiani
1036 2397 1220 2456 recensiones
1234 2397 1324 2458 libro-

154 2504 221 2543 rum
238 2486 270 2542 E
288 2476 334 2565 (Λ
340 2483 439 2543 ΟΕΗ
441 2486 467 2543 J
468 2483 498 2540 L
506 2477 543 2565 Y)
564 2487 595 2542 et
610 2478 755 2567 (Aures)
775 2488 858 2544 ortae
877 2487 945 2561 sint,
965 2486 1006 2544 sic
1024 2486 1056 2542 id
1075 2486 1196 2561 quidem
1211 2489 1324 2545 certum

155 2591 216 2631 esse
235 2574 331 2632 adhuc
349 2573 434 2632 nobis
453 2574 550 2632 visum
569 2576 613 2633 441
631 2576 662 2632 14
686 2573 808 2631 definita
830 2575 916 2648 parte
940 2574 1073 2632 codicum
1092 2573 1323 2649 Ρ141441444444,

154 2661 185 2719 14
203 2661 353 2721 codicibus
368 2661 465 2721 1301)
478 2663 576 2721 nullas
596 2661 717 2721 Stobaei
731 2662 897 2736 peculiares
915 2662 1056 2721 lectiones
1072 2680 1237 2738 occurrere;
1257 2682 1323 2721 cum

152 2749 276 2809 traditio
287 2751 316 2808 Β
330 2750 422 2809 etiam
439 2751 471 2807 in
485 2750 607 2827 reliquis
626 2750 710 2809 libris
724 2749 869 2824 Platonis,
886 2750 974 2810 modo
991 2751 1023 2808 in
1040 2750 1087 2808 his
1101 2750 1189 2808 modo
1208 2752 1239 2808 in
1253 2752 1323 2827 illis,

153 2839 271 2897 obviam
285 2841 371 2913 esset,
385 2841 485 2897 tamen
499 2859 534 2898 ex
548 2838 646 2899 1301)
662 2839 733 2898 solis
748 2858 957 2915 quaequmque
972 2858 990 2898 a
1004 2839 1183 2916 gnomologo
1202 2839 1323 2899 aliena

153 2928 295 2987 memoria
318 2926 485 2986 Phaedonis
514 2928 551 2985 ad
578 2946 632 2986 nos
655 2930 803 3003 pervenit,
833 2947 898 2986 eam
920 2930 1040 3004 plenam
1063 2927 1201 3004 cognosci
1227 2946 1322 3004 posse.

153 3019 185 3075 41
199 3035 278 3074 nunc
287 3016 374 3076 valde
383 3016 543 3075 verendum
558 3035 619 3075 esse
634 3015 766 3075 dicamus
781 3019 907 3092 oportet,
921 3016 1062 3076 neBOD
1076 3018 1149 3074 item
1163 3017 1322 3075 memoriae

153 3102 337 3163 Stobaeanae
357 3108 447 3178 atque
462 3104 495 3161 Ε
507 3097 553 3184 (Λ
560 3103 659 3162 OEH
660 3105 686 3162 J
687 3105 717 3161 L
725 3106 813 3162 ΥΓΔ
820 3099 917 3186 nes)
932 3105 1103 3164 traditionis
1118 3105 1322 3181 Β4441141444

153 3192 220 3251 sint.
249 3190 308 3250 nisi
326 3209 396 3249 casu
415 3190 559 3250 Stobaeus
579 3210 646 3249 cum
660 3191 756 3251 BOD
775 3212 803 3267 p.
820 3194 893 3266 329,
909 3194 949 3250 25
969 3194 1095 3252 14411444
1115 3195 1256 3269 corrupta
1274 3190 1321 3265 τό,

151 3301 180 3356 p.
197 3282 270 3355 331,
287 3283 304 3337 2
325 3280 377 3338 ubi
396 3279 542 3339 Eusebius
561 3298 628 3337 cum
650 3280 734 3339 libris
753 3280 903 3356 plerisque
922 3279 1030 3355 ψυχήν
1049 3282 1175 3356 exhibet,
1194 3284 1321 3341 lectione

152 3366 239 3443 ψυχή
259 3369 411 3447 congruit,
435 3369 532 3427 etiam
548 3368 679 3428 recensio
698 3369 728 3427 Β
747 3388 763 3426 4
782 3369 984 3445 compluribus
1002 3368 1086 3429 libris
1106 3371 1239 3445 antiquis
1253 3390 1321 3430 con-

151 3458 223 3517 flata
247 3462 300 3516 est.
337 3460 379 3517 sic
397 3458 464 3516 vide
483 3478 520 3517 44
545 3458 679 3532 quamvis
702 3457 880 3517 testimoniis
905 3458 1089 3539 Stobaeanis
1104 3459 1232 3517 dilucide
1256 3479 1320 3535 per·

152 3548 283 3622 spectum
302 3547 463 3605 habeamus
481 3548 566 3607 varia
584 3547 727 3607 memoria
745 3546 871 3623 antiqua
890 3549 1022 3606 nostram
1036 3548 1209 3606 memoriam
1227 3547 1321 3606 Phae-

151 3635 236 3694 donis
255 3633 321 3707 niti,
339 3638 439 3692 tamen
459 3655 534 3711 quae
554 3637 735 3711 exemplaria
754 3636 866 3713 dialogi
885 3636 982 3695 media
1000 3638 1098 3694 aetate
1117 3636 1228 3711 scripta
1242 3639 1321 3712 sunt,
1390 3646 1397 3661 ·

151 3724 239 3783 eain
262 3723 337 3781 (1444
360 3723 467 3781 classes
491 3723 605 3784 duabus
633 3725 737 3799 priscis
766 3723 986 3783 recensionibns
1013 3724 1223 3800 respondentes
1252 3724 1320 3784 Sto-

150 3812 223 3872 baeo
247 3813 382 3872 consulto
406 3828 504 3869 secare
522 3812 634 3871 frustra
651 3805 868 3894 temptemus.)
900 3813 990 3872 immo
1009 3813 1140 3871 simodo
1159 3813 1319 3873 traditione

130 3902 230 3975 -apud
262 3900 424 3960 Stobaenm
456 3900 543 3959 obvia
575 3902 672 3958 certus
704 3901 770 3960 fons
806 3903 925 3961 nostrae
961 3900 1120 3959 memoriae
1151 3900 1319 3961 Phaedonis

152 3992 398 4064 repraesentatur,
416 3990 508 4048 etiam
522 3988 547 4046 si
562 3988 600 4046 ad
614 3989 687 4048 duos
701 3990 793 4049 libros
808 3992 942 4049 veterum
956 3992 1050 4049 nostri
1065 4008 1165 4049 omnes
1179 3991 1319 4064 redirent,

152 4078 267 4135 nostros
293 4078 384 4137 libros
411 4078 442 4136 in
475 4076 548 4137 duas
581 4078 687 4137 classes
719 4079 811 4139 dividi
844 4079 963 4138 omnino
994 4098 1052 4138 non
1085 4096 1170 4154 posse
1199 4078 1318 4138 demon-

151 4165 279 4222 stratum
297 4168 348 4223 est.

241 4354 266 4421 1)
285 4351 326 4406 ita
345 4351 521 4422 corrigrmtur
539 4370 611 4423 quae
630 4372 656 4422 p.
675 4358 706 4407 17
727 4353 899 4407 dicebantur.

1070 4442 1105 4495 3*
