2958 4770
156 138 197 201 18
601 135 735 190 Ernestus
754 134 864 190 Biekel:

154 305 277 381 reperiri
305 304 376 379 quin
405 323 440 362 ex
462 303 626 363 Bodleiano
654 303 851 380 interpolatus
879 305 919 362 sit
946 302 1136 362 statuendum
1161 306 1214 362 est.
1256 323 1329 381 ergo

153 397 223 469 post
240 392 317 451 illud
334 396 451 468 tempus
475 411 534 468 quo
553 393 687 467 exempla
705 391 872 451 Phaedonis
890 392 922 449 in
941 392 1014 452 dues
1033 393 1141 451 classes
1160 392 1329 468 discessere,

155 485 262 541 classes
284 481 355 540 illae
377 498 478 540 rursus
504 481 582 539 inter
604 500 635 539 se
659 481 834 539 commixtae
856 484 938 556 sunt3
966 499 1107 555 quaeres
1126 480 1328 556 quidincom·

154 570 285 629 modiin
303 570 459 628 historiam
477 571 636 628 memoriae
655 569 826 628 Platonicae
849 569 1069 645 inquirentibus
1095 570 1213 644 afferat,
1231 572 1329 645 prius·

156 678 243 734 quam
258 659 396 735 longiora
409 658 581 718 testimonia
594 657 738 734 producta
753 661 830 732 sunt,
841 659 934 716 fusius
945 658 1092 734 explicare
1106 677 1166 716 non
1181 658 1329 719 convenit.

243 750 278 806 ut
297 750 397 806 autem
415 765 506 822 supra
525 747 561 805 de
579 747 695 805 ratione
713 747 794 805 inter
812 747 973 805 Stobaeum
992 750 1022 806 et
1040 747 1171 806 codicem
1189 748 1222 805 E
1236 749 1329 806 inter-

155 835 270 894 cedenti
297 837 341 893 nil
368 836 461 894 statui
489 836 589 911 potuit
612 835 671 894 nisi
698 835 775 893 hune
803 835 913 893 librum
935 838 1068 911 proxime
1091 835 1128 894 ab
1157 838 1330 912 excerptore

155 924 266 999 abesse,
284 925 328 983 ita
346 928 506 1000 postquam
524 924 709 982 membranas
729 942 795 981 cum
811 925 960 1002 eclogario
978 924 1179 984 discordantes
1199 928 1229 983 et
1247 926 1329 1001 ipsas

155 1013 193 1071 ad
204 1015 415 1087 antiquitatem
431 1013 586 1071 ascendere
600 1014 811 1089 perspeximus,
823 1012 1027 1088 propinqua
1042 1014 1258 1090 cognatione
1272 1014 1329 1072 lib-

154 1122 222 1159 rum
232 1103 264 1159 E
276 1120 342 1159 cum
357 1102 459 1177 ecloga
474 1097 518 1160 ὡ(
533 1097 650 1173 ...ἡδύ
667 1102 858 1160 coniunctum
873 1120 935 1161 esse
949 1102 1200 1179 promulgandum
1210 1102 1273 1160 erit.
1299 1106 1331 1161 et

156 1208 336 1265 quamquam
354 1192 432 1248 inter
450 1190 547 1248 fontes
564 1188 633 1248 libri
647 1190 831 1249 Bessarionis
846 1191 937 1249 etiam
951 1190 1147 1250 Bodleianum
1163 1208 1226 1249 esse
1240 1192 1330 1249 lectio

156 1280 221 1336 eius
245 1273 329 1337 ἔοικέ
351 1295 380 1336 τι
400 1278 527 1353 indicat,
545 1281 646 1341 tamen
665 1278 739 1337 adeo
758 1297 826 1337 cnm
843 1279 875 1336 Ε
892 1280 994 1355 ecloga
1013 1281 1168 1353 consentit,
1186 1281 1221 1338 ut
1240 1299 1333 1353 quam

155 1366 256 1442 prodit
288 1367 461 1425 memoriam
489 1365 701 1442 Stobaeanam,
735 1370 762 1426 ei
789 1386 895 1426 nomen
923 1368 956 1426 E
981 1368 1081 1426 indere
1109 1368 1154 1426 fas
1182 1367 1331 1427 videatur.

156 1457 217 1513 iam
235 1474 305 1513 vero
325 1455 486 1513 eruendum
505 1459 549 1514 est
567 1476 640 1513 num
658 1458 749 1514 etiam
768 1457 845 1516 aliae
859 1458 980 1534 eclogae
994 1457 1117 1516 eandem
1130 1458 1333 1515 recensionem

159 1545 248 1617 atque
266 1543 339 1602 haec
357 1545 526 1620 praebeant.

246 1633 344 1690 locum
363 1635 415 1707 qui
433 1633 567 1708 sequitur
584 1633 709 1692 loannes
729 1653 763 1692 ex
782 1633 939 1692 Phaedone
963 1629 1027 1704 ἐγὼ
1051 1629 1112 1707 γὰρ
1137 1679 1144 1692 .
1164 1679 1170 1692 .
1190 1679 1197 1691 .
1221 1633 1332 1693 κακοῖ(

127 1746 138 1767 ν
158 1714 199 1802 (p.
217 1719 371 1779 63Β-0
386 1721 458 1779 =I
480 1742 508 1797 p.
529 1723 607 1796 430,
623 1724 795 1797 27-431,
810 1714 844 1802 9)
872 1722 1028 1798 proposuit
1054 1724 1087 1779 in
1114 1724 1212 1798 capite
1234 1720 1333 1779 XLIX

159 1809 238 1884 quod
257 1809 364 1899 eodem
377 1812 467 1885 atque
486 1809 604 1869 Phaedo
623 1810 757 1869 Platonis
780 1811 869 1869 titulo
893 1808 966 1884 περὶ
989 1803 1126 1891 ψυχῆεῑ)
1152 1811 1333 1869 instructum

159 1900 216 1971 est,
239 1917 299 1956 una
323 1917 388 1956 cum
413 1899 480 1957 aliis
502 1900 658 1975 permultis
677 1899 843 1958 Phaedonis
867 1901 1011 1974 excerptis
1035 1918 1111 1974 quae
1134 1901 1245 1974 partim
1268 1901 1333 1957 sine

158 1987 306 2046 lemmatis
326 1987 466 2061 copulata
489 1988 584 2046 tribus
609 1987 696 2062 locis,
714 1991 843 2063 primum
862 2009 890 2064 p.
906 1990 980 2060 325,
996 1989 1157 2061 18-332,
1173 1989 1206 2061 3,
1225 1987 1332 2046 deinde

158 2096 187 2152 p.
203 2076 280 2150 333,
297 2077 472 2151 20-343,
488 2079 542 2150 11,
565 2078 714 2152 postremo
739 2097 768 2152 p.
783 2078 862 2151 430,
878 2078 1052 2150 26-444,
1068 2078 1109 2135 29
1135 2078 1333 2152 reperiuntur.

158 2164 212 2222 has
236 2182 336 2223 omnes
359 2164 476 2242 eclogas
499 2164 586 2223 unius
610 2166 718 2242 capitis
741 2167 846 2241 aptum
863 2164 982 2223 videtur
1004 2166 1133 2240 primum
1156 2183 1223 2222 cum
1246 2164 1333 2223 libris

158 2252 320 2311 Platonicis
339 2252 476 2329 deinceps
496 2272 676 2329 comparare,
695 2254 801 2312 deinde
816 2253 983 2312 examinare
997 2273 1068 2311 num
1083 2272 1158 2328 quae
1171 2253 1333 2328 peculiaris

159 2340 200 2400 sit
221 2343 300 2400 ratio
323 2341 508 2418 singulorum
530 2344 734 2418 excerptorum
758 2343 881 2401 diversis
904 2343 977 2402 locis
996 2342 1207 2418 appositorum.
1244 2342 1332 2400 initio

160 2429 266 2505 capitis
285 2432 443 2488 coniuncta
462 2422 619 2488 occurrunt
641 2431 803 2507 praemisso
827 2431 967 2489 lemmate
986 2427 1070 2501 λέγει
1094 2429 1175 2500 γοῦν
1199 2425 1234 2489 ἐν
1253 2426 1332 2489 Φαί·

160 2509 269 2597 burst)
294 2520 466 2591 testimonia
490 2519 575 2578 haec:
603 2514 751 2580 εἰπόντα(
842 2516 950 2578 αὐτῶν
974 2512 1017 2599 (p.
1034 2519 1235 2578 can—7013
1255 2543 1296 2565 =
1316 2518 1334 2575 Ι

159 2628 187 2683 p.
209 2607 286 2680 325,
303 2608 480 2682 18-326,
497 2600 565 2688 13),
585 2605 722 2669 παλαιός
742 2655 748 2667 .
768 2655 774 2667 .
795 2654 801 2667 .
821 2604 906 2667 πάνυ
934 2623 971 2678 γε
999 2600 1041 2686 (p.
1059 2606 1269 2667 700-71Α
1288 2632 1332 2653 =

159 2715 188 2770 p.
205 2697 277 2770 asc,
290 2697 451 2771 15-327‚
464 2688 529 2776 rc),
548 2692 576 2755 τί
596 2691 655 2756 οὖν
670 2743 676 2755 .
692 2743 698 2755 .
715 2744 721 2756 .
737 2693 822 2771 ἔχειν
842 2686 883 2776 (p.
901 2694 1188 2770 710—72A=p.
1205 2697 1278 2769 327,
1290 2697 1332 2753 17

160 2785 279 2858 -323,
295 2776 361 2864 25),
381 2778 434 2857 ἆρ’
450 2778 509 2843 οὖν
525 2830 531 2842 .
547 2830 553 2842 .
569 2830 575 2843 .
591 2780 695 2845 οὕτω(
715 2777 758 2865 (p.
775 2786 814 2843 78
825 2783 1010 2859 B-G=p.
1028 2785 1101 2857 328,
1112 2786 1273 2858 27-329,
1288 2776 1334 2863 6),

161 2871 267 2945 θῶμεν
292 2919 298 2931 .
319 2919 325 2930 .
346 2919 352 2930 .
379 2869 494 2950 Σιμμίᾳ
522 2865 564 2954 (p.
586 2873 799 2933 79A-80D
815 2899 856 2920 =
871 2892 900 2948 p.
920 2874 994 2946 329,
1010 2874 1163 2946 7-332,
1178 2865 1212 2954 3)
1242 2875 1335 2947 atque

162 2960 306 3021 Stobaeus
324 2961 473 3038 discrepat
491 2980 510 3019 a
528 2961 613 3019 libris
632 2961 794 3020 Platonicis
812 2962 893 3020 hisce
912 2961 1000 3020 locis:

29 3064 152 3226 ἓξὲξ,
164 3139 203 3196 18
225 3170 266 3178 -
281 3135 319 3211 δὴ
335 3164 378 3185 --
393 3137 552 3198 Bonae
775 3135 811 3198 δὲ
836 3131 890 3220 (Δ)
910 3140 946 3198 cf.
962 3139 1028 3197 adn.
1044 3141 1083 3197 31

164 3229 203 3285 19
224 3222 332 3299 ἔμοιγε
351 3227 438 3286 δοκεῖ
452 3253 494 3274 --
509 3226 607 3286 BOD
775 3227 863 3287 δοκεῖ
881 3224 990 3301 ἔμοιγε
1004 3229 1057 3286 Ec
1067 3249 1075 3286 ι
1085 3227 1173 3292 δοκεῖ
1187 3222 1256 3301 ἐμοὶ
1272 3217 1334 3307 (Φ)

163 3317 205 3374 20
225 3347 267 3355 —-
278 3348 320 3356 --
331 3348 373 3355 —
383 3348 428 3356 —
454 3312 597 3386 λέγεεθαι
616 3315 721 3375 καλῶ(
774 3315 880 3376 καλῶς
903 3312 1047 3386 λέγεεθαι
1065 3316 1142 3375 Plat.

163 3405 204 3462 22
225 3435 269 3444 -
282 3436 319 3444 -
341 3400 485 3478 οὐδαμοῦ
505 3450 555 3463 ...
576 3400 721 3477 euporo<
775 3424 831 3463 om.
847 3396 903 3484 (J)
923 3408 1046 3481 propter
1062 3404 1321 3463 homoeoteleuton

270 3518 312 3539 =
326 3491 423 3551 1301>
429 3494 484 3551 Eu

33 3577 511 3674 p.70A22----{t11
776 3576 1336 3660 ἔτιῇΒΕαεέτιῆαθιέαὴΙ)

164 3671 205 3728 22
225 3702 267 3710 -
279 3703 321 3710 -
331 3701 375 3711 -
384 3702 428 3710 -
447 3665 664 3744 διαφθείρεται
776 3666 998 3744 διαφθείρηται
1016 3670 1094 3730 Plat.

165 3761 206 3817 22
228 3791 322 3799 --
341 3774 376 3817 τε
392 3784 434 3806 =
448 3758 604 3817 Benna
777 3776 805 3817 τι
825 3751 884 3839 (Λ)

80 3865 143 3922 325
189 3850 205 3905 1
228 3879 268 3887 —
285 3842 463 3907 ἀπόλλυται
478 3873 520 3895 =
536 3839 592 3929 (Γ)
608 3850 638 3905 et
647 3849 723 3906 teste
778 3842 978 3920 ἀπολλύηται
1006 3849 1060 3906 Dc
1089 3851 1120 3906 et
1141 3850 1182 3905 ut
1207 3845 1337 3905 Ruhlius
1470 3874 1471 3913 ι

146 3909 154 3938 ’
270 3936 412 4010 Bywater
429 3937 460 3994 B
822 3936 926 3994 scribit
941 3937 984 3994 B:
1004 3932 1202 4009 ἀπαλλύηται
1223 3927 1317 4014 Off)
1470 3914 1471 3967 i

254 4161 280 4226 1)
299 4158 333 4211 ef.
348 4156 443 4225 Plato,
467 4159 548 4228 epist.
566 4163 598 4211 13
617 4177 644 4228 p.
660 4159 747 4211 363A
766 4161 796 4211 ἐν
814 4165 855 4227 τῷ
874 4161 936 4224 περὶ
954 4162 1045 4224 ψυχή(
1062 4160 1146 4228 λόγῳ.
1184 4157 1239 4212 Cic.
1254 4156 1337 4212 Tusa.

166 4235 189 4293 1,
206 4234 237 4280 11
258 4227 352 4281 evolve
372 4228 523 4298 diligenter
542 4246 605 4282 eum
624 4229 684 4282 eius
703 4228 806 4282 librum
824 4229 874 4296 qui
893 4229 936 4281 est
954 4228 989 4280 de
1008 4228 1108 4282 animo.
1469 4230 1470 4235 ’

253 4302 279 4368 2)
299 4300 470 4353 antecedunt
487 4300 564 4353 Aetii
582 4299 696 4368 placita.
1468 4242 1470 4375 i
