2958 4770
140 178 183 241 28
598 179 731 233 Emestus
750 179 860 233 Bickel:

139 347 344 406 memorabiles
369 367 397 422 p.
419 348 492 421 326,
512 349 528 404 1
549 342 568 426 ᾗ
593 341 784 425 ἀποθνῄεκει
806 367 861 423 pro
879 344 898 427 ᾗ
924 342 964 406 ἂν
988 342 1135 427 ἀποθάνῃ
1153 367 1182 423 p.
1199 350 1309 423 326,5

140 431 179 495 ἂν
204 435 329 508 διῆλθε(
347 455 401 512 pro
421 434 546 509 διῆλθε(
564 456 593 511 p.
614 437 688 510 326,
704 437 743 494 15
764 432 861 506 λόγοε
879 455 934 512 pro
954 432 1052 506 beroe
1076 430 1171 496 οὗτοε
1189 457 1216 513 p.
1234 439 1310 513 326,

141 528 181 584 19
203 520 234 583 αἱ
257 522 358 598 ψυχαὶ
380 520 471 598 ἡμῶν
489 544 544 601 pro
561 520 652 599 ἡμῶν
676 519 708 583 αἱ
730 521 831 597 ψυχαί
850 545 878 600 p.
894 526 972 599 327,
995 527 1033 582 11
1055 520 1141 585 οὕτω
1166 521 1229 600 ἔφη
1252 546 1308 601 pro

138 609 201 688 ἔφη
226 608 312 673 οὕτω
331 634 359 688 p.
380 614 453 687 328,
469 615 487 671 2
508 609 561 686 μοὶ
584 609 635 671 καί
653 609 689 671 cb
707 632 761 689 pro
781 609 831 673 καὶ
851 609 886 672 τύ
906 630 958 686 μοι
977 633 1005 688 p.
1022 614 1095 687 328,
1111 616 1129 672 9
1151 608 1213 688 ἄρα
1232 609 1309 674 εἰείν

137 721 192 778 pro
212 696 287 762 εἰεὶν
308 696 369 776 ἄρα
387 722 415 778 p.
432 703 505 777 329,
522 703 562 759 16
584 695 666 760 ἀλλά
685 722 738 776 pro
758 695 841 761 ἀλλὰ
860 698 920 775 μήν
939 723 966 778 p.
983 704 1057 776 329,
1073 703 1113 761 25
1134 697 1308 776 αἰεθήεειυν

137 810 191 866 pro
221 785 391 864 αἰεθήεεωε
417 811 446 867 p.
468 792 545 865 331,
566 792 584 848 3
610 789 773 850 πολυειδεῖ
796 786 846 850 καὶ
870 785 999 869 ἀνοήτῳ
1024 810 1079 866 pro
1103 785 1232 871 ἀνοήτῳ
1256 789 1308 851 καὶ

137 878 301 939 πολυειδεῖ
314 901 342 955 p.
359 881 432 954 331,
448 882 466 938 9
482 875 545 953 ἔφη
564 898 619 954 pro
638 874 701 953 ἔφη
721 874 770 938 ὅτι
785 899 813 955 p.
830 880 904 955 331,
921 881 962 938 10
980 875 1018 938 τὸ
1038 878 1126 951 εῶμα
1144 899 1199 956 pro
1218 880 1308 954 εῶμα

136 988 166 1044 p.
187 970 260 1042 331,
281 970 321 1026 12
346 964 525 1027 διαπίπτειν
552 986 606 1043 pro
634 963 814 1027 διαπίπτειν
837 965 888 1027 καὶ
911 967 1115 1028 διαπνεῐεθαι.
1152 972 1308 1044 praeterea

137 1057 253 1132 aliquot
274 1058 347 1116 locis
365 1076 426 1115 una
448 1076 522 1116 cum*
538 1056 662 1133 singulis
685 1057 808 1115 familiis
830 1056 1027 1115 recentiorum
1045 1056 1189 1115 librorum
1208 1061 1306 1118 vetus-

135 1146 245 1204 tissimi
264 1146 361 1206 1301)
383 1145 420 1203 ab
445 1147 590 1221 excerptis
618 1144 785 1220 discedunt,
811 1145 855 1203 ita
878 1144 1022 1222 praebent
1040 1145 1136 1205 1301)
1159 1138 1202 1226 (A
1209 1140 1306 1227 ces)

136 1253 164 1309 p.
185 1236 259 1309 327,
280 1238 318 1293 11
345 1229 550 1308 ἰεχυροτέρου
574 1253 628 1311 pro
657 1229 862 1308 ἰεχυροτέρου
886 1250 922 1304 γε
945 1255 973 1309 p.
994 1236 1067 1308 331,
1088 1235 1106 1292 5
1130 1231 1149 1313 ᾗ
1174 1253 1228 1311 pro
1252 1231 1305 1307 ὼε,

136 1323 233 1383 BOD
251 1313 331 1404 (Φο)
350 1325 524 1399 p.329,13
544 1322 663 1397 φαῖμεν
681 1342 736 1400 pro
760 1318 879 1397 φαμέν,
899 1323 995 1383 BOD
1014 1316 1305 1404 (AOEHJLTP)

136 1432 163 1488 p.
181 1413 254 1487 327,
271 1414 311 1470 14
331 1408 363 1473 ἐξ
383 1406 579 1485 ἀδικωτέραν
601 1431 655 1488 pro
680 1409 739 1472 οὐκ
757 1407 790 1472 ἐξ
810 1406 1013 1485 ἀδικωτέρου.
1045 1411 1092 1471 his
1111 1412 1184 1471 locis
1202 1413 1306 1472 multis

137 1503 168 1558 et
186 1500 326 1578 gravibus
345 1500 460 1560 codices
478 1501 679 1576 antiquissimi
698 1520 765 1559 cum
784 1500 911 1560 Stobaeo
926 1500 1109 1575 discordant3
1129 1500 1306 1560 Orusianum

135 1608 205 1647 vero
225 1590 316 1648 etiarn
333 1590 401 1666 plus
420 1589 533 1648 Veneto
552 1589 775 1663 Bodleianoque
799 1589 836 1647 ab
861 1591 1029 1665 excerptore
1051 1589 1153 1648 abesse
1171 1590 1306 1648 indicant

135 1678 273 1754 propriae
301 1680 364 1737 eius
392 1680 556 1754 scripturae
580 1679 767 1754 p.326,15
793 1673 855 1737 ἔετι
878 1696 933 1754 pro
957 1674 1019 1738 ἔετι
1047 1695 1093 1737 τι(
1115 1698 1143 1754 p.
1165 1679 1242 1754 326,
1262 1681 1304 1737 25

136 1766 234 1826 τοῦτο
253 1763 354 1841 μόνον
378 1787 433 1843 pro
452 1764 553 1839 μόνον
577 1766 674 1826 τοῦτο
693 1787 722 1842 p.
743 1768 817 1842 329,
833 1768 873 1825 23
894 1766 1021 1826 εκοπεῑν
1040 1785 1094 1843 pro
1114 1766 1242 1826 εκοπεῖν
1265 1784 1304 1826 τι.

135 1856 269 1930 sequitur
287 1859 321 1914 ut
340 1855 453 1914 codices
478 1875 603 1930 quorum
626 1856 685 1913 dux
703 1856 867 1914 Vaticanus
891 1858 936 1914 est
954 1847 1101 1936 (Acce)
1122 1856 1228 1930 quibus
1246 1856 1304 1914 leo·

134 1944 264 2003 tionibus
294 1944 330 2003 ab
360 1945 468 2021 eclogis
496 1943 719 2022 distinguantur
747 1963 935 2021 exponamus.
972 1946 1052 2003 locos
1077 1944 1129 2002 ubi
1151 1964 1212 2003 una
1237 1963 1304 2003 oum

134 2034 344 2093 vetustissimis
376 2032 555 2091 membranis
585 2033 681 2093 BOD
713 2034 783 2091 libri
811 2025 956 2114 (ΔΦθε)
984 2034 1031 2091 vel
1064 2052 1133 2110 pars
1161 2052 1261 2092 eorum
1285 2052 1304 2091 a

136 2121 264 2181 Stobaeo
292 2122 462 2197 discrepant
488 2122 549 2180 iam
576 2121 744 2198 propositos
770 2122 874 2195 habes3
898 2123 933 2181 cf.
952 2144 981 2198 p.
997 2123 1070 2197 327,
1086 2125 1124 2180 11
1145 2142 1173 2198 p.
1195 2123 1302 2196 331,5

134 2230 163 2286 p.
180 2212 252 2286 329,
270 2212 319 2269 13.
357 2212 446 2286 atque
467 2210 505 2268 ad
527 2211 581 2269 hos
604 2211 684 2269 locos
710 2212 871 2287 scripturas
889 2211 1053 2287 peculiares
1072 2211 1205 2269 codicum
1225 2203 1267 2291 (A
1274 2213 1303 2269 Φ

136 2291 198 2379 Gs)
223 2301 386 2375 permultas
413 2300 549 2358 accedere
577 2299 864 2358 commemorandum
893 2304 937 2358 est
965 2301 1018 2358 aut
1042 2301 1073 2357 in
1096 2300 1133 2358 iis
1156 2300 1302 2359 universis

135 2388 239 2446 obvias
257 2409 285 2464 p.
307 2390 380 2462 329,
402 2389 418 2444 7
440 2383 466 2446 εἰ
492 2383 598 2463 βούλει
621 2408 675 2464 pro
703 2385 810 2463 βούλει
828 2410 856 2465 p.
878 2391 951 2464 329,
973 2391 1011 2446 17
1033 2384 1186 2461 ἐλέγομεν
1209 2384 1302 2463 poce

133 2496 187 2553 pro
211 2473 304 2551 φύεει
328 2473 481 2549 ἐλέγομεν
505 2479 558 2535 aut
580 2478 611 2535 in
635 2478 772 2553 singulis,
799 2478 830 2534 in
850 2469 905 2557 (A)
924 2498 952 2552 p.
969 2478 1076 2553 327,2
1097 2475 1148 2536 καὶ
1171 2474 1229 2537 οὐκ
1246 2497 1302 2552 pro

134 2562 194 2625 οὐκ
211 2586 240 2641 p.
257 2567 329 2643 327,
347 2569 387 2624 14
407 2562 435 2625 τὶ
454 2562 653 2638 δικαιότερον
672 2586 726 2642 pro
745 2563 944 2639 δικαιότερον
958 2588 986 2642 p.
1003 2567 1075 2640 329,
1092 2568 1131 2624 12
1153 2561 1228 2625 εἴδει
1247 2585 1301 2642 pro

134 2655 179 2733 τῷ
204 2649 288 2725 είδει,
307 2655 339 2712 in
359 2646 416 2736 (G)
438 2656 545 2730 326,6
566 2650 655 2714 ἐλπίε
674 2675 727 2731 pro
747 2650 836 2714 ἐλπὶε
858 2651 909 2727 καί
932 2650 1011 2727 καλή
1036 2676 1063 2730 p.
1085 2657 1191 2730 327,1
1213 2651 1300 2725 γένε-

135 2759 181 2801 ειν
200 2763 253 2819 pro
273 2739 394 2814 γένεειν
418 2740 491 2815 περὶ
509 2764 537 2819 p.
554 2745 627 2817 327,
644 2746 684 2802 19
705 2739 855 2816 ἀλλήλοιν
869 2762 923 2819 pro
939 2739 1089 2816 ἀλλήλων
1103 2760 1138 2803 τε
1152 2765 1180 2820 p.
1197 2745 1300 2818 328,3

133 2826 196 2906 ἔφη
234 2850 288 2907 pro
327 2827 389 2905 ἔφη
432 2827 518 2891 οὕτω
550 2852 578 2908 p.
609 2834 730 2907 328,4
767 2827 916 2892 τεθνάναι
948 2851 1002 2908 pro
1034 2828 1184 2892 τεθνάναι
1221 2826 1302 2891 εἶναι

132 2940 161 2995 p.
182 2921 255 2995 323,
275 2922 293 2978 9
319 2915 381 2994 ἄρα
403 2938 457 2996 pro
482 2914 544 2993 ἄρα
567 2916 630 2994 ἔφη
653 2941 681 2997 p.
703 2921 781 2995 328,
801 2923 842 2979 24
870 2916 1033 2991 γίγνονται
1061 2939 1115 2997 pro
1142 2917 1302 2991 γίγνεεθαι

132 3029 160 3084 p.
177 3009 250 3083 329,
266 3010 284 3067 3
305 3005 390 3082 ἔχειν
414 3004 517 3068 οὕτω(
535 3027 590 3086 pro
609 3004 713 3069 οὕτω(
737 3004 822 3083 ἔχειν
841 3010 1015 3085 p.330,14
1035 3009 1123 3069 δοκεῖ
1140 3027 1194 3086 pro
1214 3010 1302 3069 δοκεῖ

132 3092 151 3169 ἦ
171 3092 199 3155 δ’
219 3092 263 3167 bc,
282 3099 314 3155 in
334 3089 392 3179 (Φ)
412 3118 440 3173 p.
457 3100 530 3173 329,
547 3101 585 3157 11
606 3094 644 3158 τὸ
664 3095 699 3158 δὲ
721 3094 808 3172 ψυχή
829 3094 911 3158 ἐετιν
929 3117 984 3174 pro
1009 3094 1072 3158 ἐετὶ
1094 3094 1132 3158 τὸ
1158 3095 1194 3157 δὲ
1213 3094 1300 3172 ψυχή

131 3207 160 3261 p.
177 3187 251 3261 330,
268 3188 307 3244 23
329 3180 438 3259 ἄρχειν
462 3180 533 3246 οἷόν
556 3202 591 3246 τε
609 3206 663 3262 pro
688 3181 759 3247 οἷόν
782 3203 817 3246 τε
842 3181 951 3262 ἄρχειν
969 3208 997 3262 p.
1019 3189 1126 3261 331,4
1147 3186 1234 3261 εῶμα
1258 3180 1300 3246 εῑ-

134 3290 185 3333 ναι
204 3293 258 3349 pro
279 3269 358 3334 εἶναι
378 3275 466 3348 εῶμα
484 3296 512 3350 p.
533 3277 606 3349 332,
622 3279 640 3334 2
660 3275 725 3335 τῶν
746 3271 927 3349 ἀνθρώπων
946 3294 999 3351 pro
1020 3270 1192 3349 ἄνθρωποι,
1210 3276 1243 3333 in
1257 3267 1301 3356 (s)

135 3364 208 3437 326,
224 3365 241 3421 1
258 3357 524 3438 ἀπαλλαττομένη
539 3383 593 3439 pro
608 3360 701 3424 εὐθὺ(
720 3359 995 3437 ἀπαλλαττομένη.
1023 3364 1128 3423 deinde
1143 3364 1301 3423 discrimen

133 3471 191 3525 quo
209 3452 326 3510 familia
339 3452 480 3510 Vaticani
495 3472 512 3510 a
527 3452 654 3512 Stobaeo
673 3453 839 3530 seiungitnr
855 3453 928 3512 locis
941 3454 979 3512 iis
999 3454 1124 3529 augetur
1137 3454 1188 3511 ubi
1201 3471 1300 3511 recen-

131 3542 221 3599 tiores
244 3540 315 3599 libri
333 3542 366 3598 E
381 3537 550 3620 (AchA
557 3540 683 3601 OEHJ
683 3541 713 3598 L
721 3533 788 3621 Tr)
808 3543 907 3600 cuncti
930 3544 983 3599 aut
1006 3545 1084 3601 certe
1107 3560 1208 3600 eorum
1234 3561 1301 3619 gra-

131 3630 269 3689 vissimus
289 3630 414 3704 quisque
433 3629 470 3688 ab
490 3630 637 3706 eclogario
656 3630 823 3704 discedunt3
843 3631 878 3689 cf.
893 3650 921 3706 p.
939 3632 1012 3705 325,
1028 3633 1068 3689 19
1086 3630 1174 3689 δοκεῖ
1193 3625 1301 3704 ἔμοιγε

131 3736 185 3792 pro
209 3713 317 3791 ἔμοιγε
340 3718 428 3777 δοκεῖ
451 3738 479 3793 p.
502 3719 576 3797 326,
592 3720 632 3776 26
657 3713 769 3790 ῥάδιον
792 3737 846 3794 pro
870 3714 951 3797 ῥᾷον
969 3739 997 3795 p.
1019 3720 1125 3793 331,1
1147 3716 1197 3778 καὶ
1220 3713 1302 3777 κατὰ

131 3825 185 3881 pro
205 3802 285 3865 κατά
302 3827 331 3881 p.
348 3808 421 3880 331,
437 3809 454 3864 2
476 3802 583 3879 ψυχήν
602 3826 656 3882 pro
675 3804 762 3880 ψυχή
781 3828 810 3882 p.
827 3809 899 3882 332,
916 3809 934 3866 3
956 3804 1054 3882 Κέβηε
1072 3826 1126 3883 pro
1145 3803 1220 3882 φίλε
1245 3803 1299 3865 Κέ-

133 3895 196 3968 βηε.
233 3896 279 3953 bis
298 3896 392 3971 igitur
409 3895 482 3954 locis
501 3896 591 3953 etiam
610 3895 724 3954 codices
743 3897 776 3954 E
793 3889 1000 3976 (AOEHJJ.
1008 3888 1077 3976 TF)
1097 3916 1164 3954 cum
1183 3914 1299 3971 excerp-

130 3986 194 4042 tore
217 4002 350 4060 pugnare
369 3983 465 4056 vides3
489 4003 613 4058 quonum
637 3983 771 4043 codicum
794 3985 954 4060 scripturas
979 3985 1016 4042 ab
1040 3986 1149 4061 eclogis
1168 3984 1300 4042 diversas

130 4074 161 4130 in
184 4092 277 4130 unum
301 4091 475 4147 componere
497 4073 621 4132 relicmn
644 4075 696 4131 est.
734 4075 823 4148 atque
846 4074 1076 4133 remotissimum
1100 4093 1134 4131 ex
1152 4073 1199 4132 bis
1219 4071 1299 4131 Cois-

129 4161 243 4219 lianum
254 4154 335 4241 (Γ)ο
349 4163 526 4238 gnomologo
541 4180 601 4221 esse
617 4165 750 4237 apparet,
766 4163 875 4239 quippe
893 4163 945 4236 qui
958 4184 986 4238 p.
998 4163 1071 4236 326,
1083 4164 1123 4220 26
1143 4156 1227 4221 ἀλλά
1245 4181 1299 4238 pro

131 4244 287 4308 ἀλλὰκαὶ
310 4270 338 4325 p.
359 4250 433 4324 327,
452 4252 471 4308 4
496 4246 533 4309 τὸ
557 4245 679 4310 δίκαιον
702 4252 748 4329 τῷ
767 4269 821 4327 pro
840 4246 962 4309 δίκαιον
986 4271 1014 4326 p.
1035 4252 1109 4325 327,
1129 4251 1147 4308 5
1172 4245 1221 4309 ὅτι
1244 4269 1299 4325 pro

130 4331 193 4412 ἆρα
211 4358 239 4413 p.
256 4339 329 4411 327,
346 4340 363 4396 7
383 4355 412 4397 τι
431 4338 539 4412 μεῖζον
557 4357 611 4414 pro
627 4335 734 4413 μεῖζόν
753 4355 782 4398 τι
797 4356 850 4397 suo
866 4339 996 4415 periculo
1012 4338 1156 4398 exhibeat.
1185 4338 1299 4398 codices
