2958 4770
320 138 362 192 De
380 137 491 192 Ioannis
511 138 625 192 Stobaei
644 138 781 206 excerptis
800 137 953 191 Platonicis
989 139 1024 192 de
1043 138 1199 193 Phaedone.
1319 140 1336 201 7

165 306 308 366 historiae
335 307 521 384 dialogorum
549 306 783 366 academicorum
810 307 857 380 fit,
885 307 983 382 posita
1011 310 1063 364 cst.
1100 327 1134 364 ex
1156 308 1335 366 testimoniis

166 397 327 454 certissime
355 398 541 473 cognoscitur
569 415 646 455 anno
671 397 733 455 896
764 415 822 471 quo
850 395 925 454 liber
949 396 979 452 B
1003 398 1130 470 scriptus
1159 399 1216 469 est,
1244 396 1335 455 etiam

166 485 294 542 alterum
311 485 424 547 fontem
442 503 562 560 prorsus
581 503 599 543 a
617 485 647 542 B
667 485 798 542 alienum
816 484 1043 560 tetralogiarum
1063 503 1136 559 quas
1154 485 1184 541 B
1204 484 1335 543 continet

165 572 264 631 fuisse.
301 576 391 649 atque
410 573 501 631 simili
519 573 607 632 modo
626 593 661 631 ex
679 573 858 632 testimoniis
877 572 1048 632 discendum
1067 575 1119 646 est,
1137 592 1209 630 num
1228 573 1334 648 quibus

164 662 284 737 scriptis
311 662 387 720 libro
410 660 440 719 A
467 661 586 721 traditis
615 681 633 720 e
655 663 855 721 vetustissimo
879 662 932 719 illo
961 661 1059 720 codice
1082 680 1141 719 uno
1166 662 1260 721 omnis
1284 662 1335 720 lux

165 752 196 807 ct
223 750 304 808 salus
336 750 463 825 petenda
490 752 536 810 sit.
584 751 648 810 sola
679 750 711 808 in
743 751 870 827 septima
897 751 1069 827 tetralogia,
1103 749 1212 826 quippe
1244 770 1334 825 quam

164 838 242 895 nulli
265 837 334 896 libri
356 839 414 897 nisi
438 831 649 919 recentiores¹)
671 840 867 912 servaverint,
894 858 931 897 ne
958 838 1137 897 testimoniis
1161 839 1280 913 quidem
1302 841 1334 896 in

136 988 139 993 ,
164 928 309 985 auxilium
331 927 445 987 vocatis
473 931 609 986 accurate
635 927 751 986 definiri
775 929 899 1004 poterit,
927 946 1074 1002 quaenam
1098 927 1164 1003 ipsa
1188 927 1334 987 Photiana

164 1018 263 1074 aetate
289 1015 421 1074 condicio
445 1016 604 1075 memoriae
630 1017 729 1075 fuerit.
766 1016 818 1075 sed
836 1018 909 1091 quot
932 1015 1001 1073 libri
1023 1018 1192 1074 nostrorum
1211 1016 1248 1074 ab
1267 1017 1334 1076 aliis

163 1122 223 1161 non
245 1103 406 1179 pendeant,
432 1105 464 1162 in
486 1106 542 1164 hac
565 1124 682 1181 quoquo
704 1105 866 1181 tetralogia
889 1107 1028 1180 excerpta
1050 1107 1227 1181 scriptorum
1245 1105 1333 1164 facile

163 1192 318 1252 docebunt.
826 1252 828 1256 Α

253 1285 285 1339 at
306 1301 413 1356 parum
436 1284 480 1342 est
503 1302 537 1341 eo
560 1301 619 1342 uno
639 1283 762 1341 consilio
786 1283 957 1340 testimonie
980 1281 1129 1354 evolvere,
1151 1285 1186 1339 ut
1208 1283 1334 1341 historia

161 1370 322 1428 memoriae
341 1370 513 1431 Platonicae
530 1371 600 1430 iude
615 1369 651 1428 ab
666 1371 727 1429 illis
741 1370 923 1445 temporibus
938 1370 1045 1445 quibus
1059 1373 1228 1429 nostrorum
1244 1370 1332 1430 libro·

162 1478 228 1517 rum
248 1458 449 1533 antiquissimi
468 1460 571 1536 scripti
590 1461 667 1533 sunt,
686 1460 866 1534 exploretur3
887 1477 962 1534 quae
980 1459 1059 1516 ratio
1074 1460 1152 1516 inter
1171 1460 1333 1537 archetypa

161 1547 310 1606 Photiana
329 1550 427 1606 aetate
446 1539 568 1606 ariarate
586 1552 754 1607 nostrorum
772 1548 916 1607 librorum
930 1548 959 1606 ct
973 1548 1126 1605 volumina
1145 1547 1182 1605 ab
1202 1550 1333 1623 antiquis

160 1638 307 1711 usurpata
325 1635 459 1696 Platonis
477 1637 642 1696 intercedat
659 1638 838 1695 testimoniis
862 1636 926 1694 erui
948 1654 1034 1711 posse
1057 1638 1214 1711 praecipue
1234 1654 1332 1711 spera-

160 1743 235 1783 mus.
273 1725 405 1801 antiquis
426 1726 536 1784 saeculi
555 1726 684 1786 cuiusvis
707 1725 858 1802 usquead
881 1725 1036 1783 interitum
1059 1728 1157 1783 sectae
1180 1726 1332 1801 neoplato·

160 1813 245 1872 nicae
263 1813 360 1871 multa
378 1814 512 1889 exempla
531 1815 717 1891 dialogorum
731 1814 967 1873 academicorum
980 1815 1119 1889 prompta
1137 1813 1228 1872 fuisse
1243 1832 1333 1889 supra

160 1900 246 1960 nobis
273 1903 337 1961 veri
364 1902 550 1961 simillimum
576 1905 674 1961 visum
705 1905 763 1977 est,
790 1921 806 1960 e
834 1901 982 1962 contrario
1009 1922 1165 1961 numerum
1191 1922 1333 1979 magnum

161 1994 332 2050 nostrorum
350 1990 484 2057 codicum
502 1990 636 2050 Platonis
655 1990 694 2050 ad
711 1991 874 2066 archetypa
892 1992 965 2050 satis
983 1982 1112 2071 pauca²)
1131 1990 1227 2048 redire
1246 2011 1333 2051 nemo

159 2078 273 2138 infitias
300 2078 370 2137 ibit:
399 2098 469 2157 ergo
496 2080 687 2139 manifestum
710 2079 828 2139 videtur
855 2080 1018 2155 permultos
1046 2078 1137 2137 libros
1163 2079 1333 2157 philosophi

160 2170 282 2226 ineunte
304 2167 402 2226 media
425 2170 524 2227 aetate
546 2187 664 2245 pessum
688 2168 773 2228 datos
796 2168 983 2227 oblitteratas
1007 2167 1175 2244 deperditos
1199 2186 1274 2242 esse,
1298 2189 1333 2228 ea

160 2257 255 2333 igitur
273 2275 348 2332 quae
366 2275 462 2332 nuper
478 2249 759 2338 Wilamowitniusss)
775 2256 810 2315 de
829 2257 915 2314 ruina
934 2275 987 2332 per
1006 2258 1166 2331 septimum
1180 2260 1332 2317 octavum-

161 2364 219 2421 que
245 2346 396 2403 saeoulum
418 2366 446 2421 p.
467 2343 533 2403 (ihr.
553 2366 580 2403 n.
599 2346 631 2404 in
654 2347 770 2405 litteras
795 2344 921 2404 Graecas
949 2346 1132 2421 inrumpenti
1159 2347 1331 2421 prolocutus

160 2434 215 2507 sit,
243 2435 333 2492 etiam
358 2435 390 2492 in
413 2433 569 2493 historiam
591 2436 690 2493 textus
713 2434 861 2493 Platonici
886 2432 997 2493 cadere.
1035 2434 1086 2492 sed
1109 2452 1177 2492 cum
1199 2435 1332 2493 omnium

161 2522 340 2597 scriptorum
362 2522 460 2581 labem
488 2541 580 2599 aeque
607 2524 803 2599 perniciosam
830 2523 923 2582 fuisse
945 2522 995 2580 vix
1023 2522 1164 2581 credibile
1187 2525 1239 2597 sit,
1266 2526 1332 2582 tum

160 2610 295 2669 Platonis
318 2629 420 2686 opera,
443 2614 548 2686 utpote
572 2630 697 2687 quorum
720 2612 893 2671 memoriam
916 2629 994 2669 anno
1015 2612 1077 2669 896
1102 2612 1217 2670 variam
1240 2611 1331 2671 fuisse

160 2699 359 2758 demonstrari
377 2700 480 2775 possit,
499 2700 602 2761 dubito
621 2719 660 2759 an
679 2718 842 2776 numquam
860 2698 995 2757 funditus
1013 2691 1143 2779 periret)
1161 2700 1331 2774 periclitata

160 2787 234 2862 sint3
253 2807 376 2863 operum
394 2788 615 2848 Platonicorum
633 2788 701 2847 vide
723 2808 760 2847 ne
783 2791 830 2847 tot
852 2789 988 2863 exempla
1005 2789 1053 2846 vel
1071 2789 1139 2863 post
1157 2807 1224 2847 eum
1243 2809 1331 2865 quem

160 2896 267 2935 aevum
289 2876 469 2936 Photianum
497 2878 624 2953 excepit,
652 2879 763 2936 artium
786 2879 877 2936 situm
900 2876 1158 2935 diuturnissimum
1182 2896 1200 2935 a
1222 2876 1330 2937 Photio

252 3101 277 3168 1)
296 3101 408 3168 praeter
426 3101 532 3153 ceteros
552 3099 653 3182 Veneti
666 3100 797 3182 append.
815 3098 897 3181 class.
914 3104 930 3150 4
950 3099 1009 3181 cod.
1027 3105 1040 3151 1
1061 3100 1089 3151 et
1108 3104 1168 3164 189,
1187 3099 1330 3152 Vindobo-

160 3169 1330 3324 tittsithdiust{titulistttttlsltiffsslstllr

249 3315 275 3382 2)
295 3328 374 3366 ema
415 3312 533 3381 acopia
550 3328 635 3366 manu
650 3312 817 3380 scriptorum
830 3311 965 3365 librorum
983 3310 1109 3365 Platonis
1124 3327 1192 3365 sano
1206 3328 1239 3365 ac
1253 3312 1330 3366 felici

159 3315 303 3437 ἰιιᾱίοἱο)1.
318 3382 379 3438 Bet
400 3399 478 3437 erum
505 3400 569 3437 suos
592 3383 711 3453 elegisse
738 3383 854 3451 eiusque
882 3398 916 3436 ex
944 3382 1126 3436 adnotatione
1150 3383 1248 3437 critica
1271 3382 1329 3437 fere

158 3457 249 3509 totam
266 3455 432 3508 varietatem
450 3454 614 3524 scripturae,
633 3471 706 3522 quae
719 3453 883 3521 Byzantinis
903 3453 1080 3523 suppetebat,
1100 3454 1231 3523 cognosci
1245 3470 1328 3538 posse

158 3542 233 3579 nunc
250 3525 430 3579 bibliothecis
448 3525 550 3579 iterum
568 3526 724 3593 iterumque
743 3525 940 3595 pervestigatis
964 3525 1052 3578 statui
1071 3523 1162 3579 debet.
1200 3525 1328 3594 inprimis

158 3596 380 3651 interlectiones
394 3596 529 3650 librorum
544 3595 711 3651 Stallbaumi
725 3596 911 3665 paucissimae
924 3597 1036 3649 tantum
1049 3596 1236 3662 inveniuntur,
1256 3612 1329 3663 quae

158 3615 1328 3808 restruereturstertitur,Bsttlssmshstuttu

158 3809 244 3877 pauci
260 3809 327 3863 libri
346 3826 363 3863 a
380 3809 508 3864 Bekkero
528 3825 561 3863 cx
581 3812 662 3879 parte
680 3809 724 3863 vel
743 3809 797 3863 toti
819 3808 942 3878 neglecti
964 3811 997 3861 ut
1015 3808 1202 3876 Tubingensis
1221 3808 1328 3862 Vindo-

158 3880 289 4005 bontqnsis
309 3881 399 3950 suppl.
416 3880 569 3934 *1Venetus
589 3880 708 3949 append.
725 3880 805 3933 class.
821 3886 837 3932 4
857 3880 916 3932 cod.
933 3886 947 3933 1
967 3879 1067 3933 merito
1085 3881 1151 3947 post
1168 3878 1328 3935 Bekkerum

179 3967 210 4004 ro
239 3951 296 4006 acti
315 3954 386 4006 sunt.

159 3969 178 4020 p
248 4024 275 4091 3)
293 4021 458 4091 Aeschylus,
477 4020 586 4076 Orestia
600 4021 626 4075 11
643 4040 669 4091 p.
687 4027 745 4075 143.

247 4095 274 4162 4)
293 4093 381 4147 veluti
403 4092 566 4146 Latinorum
588 4091 755 4161 scriptorum
780 4091 862 4146 multi
880 4108 932 4161 per
949 4092 1073 4147 medium
1097 4109 1195 4147 aevum
1213 4110 1327 4163 prorsus

158 4163 275 4230 latuere,
295 4164 383 4218 donec
398 4163 499 4217 studiis
514 4163 694 4231 antiquarum
707 4163 866 4216 litterarum
879 4163 1090 4217 renascentibus
1106 4163 1218 4233 singula
1232 4180 1327 4220 eorum

158 4234 342 4303 exemplaria,
374 4234 498 4288 omnium
528 4236 686 4287 nostrorum
717 4234 852 4287 librorum
886 4233 1040 4302 archetypa
1071 4234 1107 4288 ab
1140 4235 1257 4289 interitu
1284 4253 1327 4291 re·

158 4307 250 4360 tracta
268 4307 340 4359 sunt.
