2958 4770
296 158 338 212 De
356 158 468 213 Ioannis
488 157 602 212 Stobaei
621 156 760 226 excerptis
778 155 931 210 Platonicis
969 155 1004 209 dc
1023 154 1179 209 Phaedone.
1284 154 1325 218 27

154 326 286 386 elbach.
296 328 358 385 196
368 325 389 385 O
399 321 469 385 ἀλλ’
481 320 607 398 ὁρῶμεν
618 321 658 398 μὴ
672 320 778 384 Νικίαε
788 318 888 383 οίεταί
898 316 997 404 (sioTz
1008 317 1123 382 οἴοιται
1132 323 1171 380 B:
1182 316 1285 395 οἴηται
1293 314 1328 402 b)

156 433 185 474 τι
217 412 323 486 λε’γειν
356 412 407 475 καὶ
440 409 478 473 οὐ
507 411 608 484 λόγου
637 410 731 473 ἕνεκα
763 412 863 472 ταῦτα
886 408 984 482 λέγει,
1017 411 1126 469 Phaed.
1143 409 1220 468 SlE
1245 404 1328 469 ἀλλὰ

158 504 309 578 φοβεῑτθε
333 501 373 577 μὴ
397 498 638 576 δυεκολώτερόν
658 519 687 561 τι
706 501 765 560 νῦν
785 499 939 574 διάκειμαι
960 491 1144 580 (διακέωμαι
1163 490 1328 579 Hirschig),

158 592 278 651 Theaet.
296 591 395 650 145ss
411 584 480 649 ἀλλ’
495 585 557 664 opu
576 588 615 663 μὴ
631 586 753 652 παίζων
773 585 892 660 ἔλεγεν,
907 588 975 664 Lys.
992 587 1091 646 2181)
1108 587 1270 662 φοβοῦμαι
1286 584 1326 660 μὴ

160 677 265 753 ὥειτερ
286 674 468 752 ἀνθρώποιτ
488 673 637 740 ἀλαζόειν
661 675 770 748 λόγοι(
790 675 867 737 τιτὶν
890 673 1049 736 τοιοῦτοι(
1069 671 1328 749 ἐντετυχήκαμεν.

159 767 343 827 coniunctivi
360 763 380 845 ᾖ
400 763 620 840 διαφθείρηται
641 761 839 840 ἀπολλύηται
864 760 989 838 οἴχηται
1008 761 1027 843 ᾖ
1046 765 1091 822 ita
1109 766 1140 822 in
1159 766 1329 824 contextum

159 856 357 931 plurimorum
371 855 506 914 codicum
516 855 650 914 Platonis
664 855 821 931 inrepsisse
831 854 978 929 videntur,
992 855 1027 910 ut
1040 853 1170 929 primum
1184 854 1329 929 glossema

159 939 284 1018 οἴχηται
309 940 504 1018 διαπτομένη
528 941 580 1003 καὶ
603 940 699 1004 οὐδὲν
723 939 768 1003 ἔτι
792 939 936 1016 οὐδαμοῦ
958 939 988 1021 ᾖ,
1011 941 1139 1018 petitum
1158 961 1193 999 ex
1211 962 1239 1017 p.
1251 941 1328 999 84Β

160 1029 354 1107 διαπταμένη
375 1027 500 1106 οἴχηται
514 1030 565 1092 καὶ
588 1029 683 1093 οῦδὲν
703 1028 749 1092 ἔτι
773 1026 916 1106 οὐδαμοῦ
930 1027 949 1109 ῇ
964 1030 1153 1106 reciperetur,
1172 1029 1276 1088 deinde
1291 1029 1329 1087 ad

157 1123 211 1181 has
221 1123 333 1181 formas
343 1122 433 1181 verba
443 1122 648 1181 antecedentia
663 1117 726 1180 ἐετί
740 1116 956 1195 διαφθείρεται
972 1113 1149 1178 ἀπόλλυται
1164 1118 1329 1179 adcommo-

159 1211 308 1270 darentur.
346 1229 405 1287 qua
423 1211 540 1270 ratione
559 1210 585 1270 si
603 1211 791 1269 historiolam
810 1208 868 1268 loci
886 1207 943 1266 tibi
956 1206 1116 1281 refinxeris,
1134 1226 1194 1265 una
1214 1209 1244 1265 et
1258 1226 1328 1281 quo·

158 1300 246 1358 modo
265 1300 379 1359 factum
398 1300 438 1358 sit
455 1303 490 1358 ut
507 1319 586 1358 nunc
603 1299 635 1357 in
654 1299 757 1358 eodem
775 1299 929 1357 enuntiato
946 1296 1026 1373 apud
1042 1294 1203 1354 Stcbaeum
1222 1291 1284 1355 ἐετι
1299 1298 1329 1353 et

159 1385 178 1466 ᾗ
197 1389 337 1465 legantur
356 1389 536 1463 explicatum
554 1386 684 1446 habebis.
713 1387 758 1446 ita
777 1387 813 1445 de
827 1385 1003 1445 lectionibus
1017 1384 1145 1461 propriis
1160 1384 1329 1462 eclogarum

160 1478 304 1552 quattuor
321 1477 421 1552 respui
439 1495 499 1535 non
517 1495 603 1553 posse
622 1475 839 1535 concedendum
853 1474 985 1547 videtum
1003 1473 1039 1532 de
1057 1473 1152 1532 tribus
1167 1473 1234 1531 aliis
1253 1472 1328 1530 iudi-

160 1567 240 1624 cium
262 1566 390 1624 retinere
413 1565 563 1641 oportebit
586 1558 636 1646 (cf.
656 1585 685 1641 p.
702 1566 774 1640 325,
795 1566 836 1623 20
856 1559 999 1633 λέγεεθαι
1023 1560 1128 1621 καλῶ(
1146 1580 1200 1637 pro
1225 1560 1329 1620 καλῶς

162 1651 314 1724 λέγεεθαι,
333 1675 361 1729 p.
378 1655 451 1728 326,
468 1654 486 1711 5
506 1653 565 1713 νῦν
588 1651 623 1713 ct
643 1673 696 1730 pro
716 1650 751 1712 εῦ
771 1652 838 1723 νῦν,
856 1674 885 1728 p.
902 1653 975 1725 326,
991 1652 1009 1708 8
1030 1645 1077 1722 εἴη
1097 1646 1186 1709 ἐλπίε
1205 1669 1258 1726 pro
1279 1645 1328 1709 ἐλ-

162 1739 213 1801 ιτὶε
238 1735 314 1823 είη);
337 1743 468 1816 reliquas
492 1761 592 1801 omnes
615 1742 825 1818 improbandas
850 1759 912 1800 esse
937 1742 990 1798 aut
1013 1739 1086 1797 satis
1113 1758 1166 1813 per
1194 1758 1224 1797 se
1247 1741 1331 1814 patet

161 1823 212 1910 (ef.
231 1852 260 1906 p.
277 1833 351 1905 327,
367 1832 407 1888 28
428 1826 535 1889 αὐτῶν
549 1850 603 1906 pro
623 1827 743 1900 αὐτοῖν,
762 1850 790 1906 p.
807 1831 880 1904 328,
895 1832 912 1886 7
928 1829 984 1901 Ζῆν
998 1847 1053 1903 pro
1068 1827 1140 1898 Ζῶν,
1155 1848 1184 1902 p.
1200 1828 1273 1901 328,
1289 1828 1328 1885 15

92 1944 95 1947 “
162 1915 311 1979 ἐναντίαν
329 1938 384 1993 pro
404 1915 553 1979 ἐναντίαν
576 1915 655 1989 τινά,
674 1939 703 1995 p.
719 1920 792 1992 328,
808 1921 848 1977 27
869 1919 915 1997 τῷ
937 1935 992 1992 pro
1014 1918 1061 1995 τῷ
1085 1910 1157 1992 μέν)
1176 1918 1230 1973 aut
1247 1917 1330 1975 testi-

161 2008 261 2066 monio
281 2007 403 2066 Eusebii
427 2008 623 2067 certissimum
642 2008 677 2067 fit
695 2000 745 2088 (cf.
764 2028 792 2082 p.
813 2009 887 2081 329,
907 2010 924 2066 9
946 2000 1049 2065 ἀειδέε
1072 2023 1126 2080 pro
1146 1999 1249 2064 ἀειδὲς
1272 1999 1330 2075 ἀεί,

159 2117 188 2171 p.
211 2098 283 2171 330,
304 2098 321 2154 6
347 2092 500 2170 τυγγενή(
523 2115 577 2173 pro
602 2093 646 2155 ὡ(
674 2093 840 2169 (υγγενήε,
863 2095 934 2153 ibid.
954 2090 1053 2153 αὐτοῦ
1078 2087 1157 2152 orico
1179 2110 1233 2167 pro
1253 2087 1332 2152 οῦεα

164 2182 272 2255 αὐτοῦ,
291 2205 321 2261 p.
337 2186 410 2261 330,
426 2187 466 2243 22
486 2181 505 2258 ἤ
524 2204 579 2260 pro
598 2182 658 2260 καί,
677 2205 704 2259 p.
721 2185 795 2258 330,
810 2186 851 2242 24
871 2179 955 2243 ἔοικε
973 2201 1027 2257 pro
1047 2177 1163 2255 ἔμοιγε,
1178 2201 1206 2256 p.
1223 2183 1328 2256 331,1

161 2269 211 2333 ἀεί
234 2293 287 2349 pro
311 2271 362 2332 καὶ
386 2268 448 2343 ἀεί,
471 2293 499 2349 p.
521 2275 594 2347 331,
615 2276 633 2331 2
658 2269 848 2346 ὁμοιότερον
870 2290 924 2348 pro
948 2266 1154 2344 ὁμοιότατον,
1177 2289 1205 2345 p.
1223 2271 1329 2343 331‚5

162 2358 267 2433 λέγειν
289 2357 369 2422 ἄλλο
388 2381 442 2437 pro
463 2356 543 2422 ἄλλο
567 2358 680 2432 λέγειν,
706 2363 779 2435 331,
799 2363 817 2419 6
838 2355 942 2420 οὕτω(
966 2355 1110 2433 ἐχόντων
1133 2353 1258 2418 τούτων
1277 2379 1331 2434 pro

161 2447 287 2511 τούτων
311 2446 414 2510 οὕτω(
438 2446 594 2524 ἑχόντων,
617 2471 646 2527 p.
667 2452 745 2525 331,
766 2453 804 2508 11
830 2444 849 2510 δ’
873 2467 927 2525 pro
951 2444 991 2527 ᾧ,
1015 2468 1043 2522 p.
1065 2448 1142 2521 332,
1170 2448 1188 2505 3
1209 2444 1259 2505 καὶ
1278 2466 1331 2523 pro

162 2556 197 2599 τε
220 2536 294 2616 καὶ).

250 2630 409 2705 pleraeque
427 2629 522 2705 igitur
540 2629 575 2686 de
594 2627 794 2704 peculiaribus
813 2626 967 2701 scripturis
987 2623 1108 2683 Stobaei
1128 2625 1237 2699 quippe
1257 2643 1332 2699 quae

163 2717 257 2775 falsae
277 2718 344 2791 sint,
363 2718 395 2774 in
414 2735 503 2776 causa
522 2735 585 2776 esse
603 2719 763 2792 nequeunt,
781 2717 816 2774 ut
835 2716 886 2790 qui
901 2716 968 2773 fons
982 2713 1145 2773 communis
1163 2715 1332 2771 nostrorum

162 2806 375 2880 exemplarium
398 2805 565 2864 Phaedonis
588 2806 660 2879 fuit,
683 2826 718 2864 cx
741 2823 776 2863 eo
799 2804 890 2863 etiam
913 2804 985 2862 haec
1005 2804 1144 2877 excerpta
1162 2801 1252 2860 ducta
1270 2820 1332 2859 esse

162 2913 311 2971 negemus.
348 2894 399 2953 sed
424 2897 524 2953 tamen
549 2894 725 2970 quibusdam
753 2893 826 2952 locis
854 2893 1066 2969 gnomologum
1089 2910 1192 2949 verum
1215 2890 1332 2948 madere

162 2982 248 3041 nobis
266 2985 481 3058 persuasimus,
500 3003 535 3041 ex
555 2983 660 3058 quibus
679 2983 752 3041 locis
772 2982 907 3057 quamvis
925 2979 1027 3055 paucis
1046 2979 1234 3037 efficiendum
1251 2978 1333 3037 vide-

164 3074 214 3128 tur
237 3072 354 3147 eclogas
378 3071 485 3146 capitis
509 3068 581 3144 περὶ
609 3070 714 3144 ψυχῆτ
738 3091 753 3128 e
777 3071 894 3128 diversa
921 3068 1083 3127 traditione
1111 3070 1202 3142 atque
1230 3069 1334 3126 nostra

164 3159 331 3218 Phaedonis
349 3159 531 3235 exemplaria
554 3162 585 3217 et
603 3161 772 3234 excerptum
792 3157 871 3233 quod
889 3157 990 3234 generi
1009 3158 1041 3215 E
1056 3158 1225 3215 nostrorum
1243 3155 1333 3214 libro-

162 3269 229 3306 rum
253 3247 448 3305 addicendum
472 3249 538 3306 erat
555 3247 662 3323 eapitis
681 3247 705 3305 L
730 3243 774 3306 ὼε
794 3293 799 3304 .
820 3292 826 3304 .
847 3292 853 3304 .
872 3241 932 3319 ἡδύ
953 3245 1079 3303 fluxisse.
1116 3264 1219 3303 verum
1237 3244 1332 3319 prius-

165 3356 254 3411 quam
286 3336 466 3396 diiudicstur
497 3338 597 3394 utrum
629 3336 753 3395 diversis
784 3335 917 3394 fontibus
950 3354 988 3392 an
1020 3333 1116 3391 eidem
1149 3326 1333 3392 diiersorum

166 3426 299 3501 capitum
317 3425 489 3484 testimonia
509 3425 699 3484 attribuenda
715 3425 784 3498 sint,
803 3423 893 3482 etiam
911 3423 990 3481 inter
1004 3423 1121 3499 eclogas
1136 3422 1243 3497 eapitis
1262 3419 1334 3496 περὶ

165 3513 270 3586 ψυχῆς
289 3515 319 3570 et
336 3514 415 3572 inter
432 3514 594 3573 familias
614 3514 777 3590 singulas
796 3512 931 3571 codicum
944 3510 1079 3569 Platonis
1094 3528 1241 3587 quaenam
1254 3511 1332 3569 ratio

164 3601 284 3660 intersit
307 3602 467 3660 eruendum
491 3603 554 3662 erit.
594 3604 705 3677 quanto
730 3603 854 3676 quisque
877 3600 952 3658 liber
970 3600 1142 3658 Platonicus
1165 3599 1333 3658 discrimine

167 3690 204 3747 ab
222 3691 270 3748 his
289 3690 434 3765 excerptis
453 3690 544 3749 distet
561 3694 597 3749 ut
614 3691 806 3749 inlustremus
824 3691 993 3766 proximum
1012 3690 1064 3745 est.

253 3778 383 3854 primum
400 3778 494 3855 igitur
511 3780 727 3838 vetustissimos
747 3778 860 3838 codices
875 3778 971 3838 1301)
987 3775 1024 3834 ab
1039 3776 1149 3852 eclogis
1163 3775 1333 3852 longissime

164 3869 294 3925 remotos
313 3885 376 3926 esse
395 3867 610 3926 observandum
624 3868 750 3943 videtur,
770 3867 821 3942 qui
842 3866 1006 3943 peculiares
1024 3865 1186 3939 scripturas
1208 3864 1335 3924 offerunt

164 4106 283 4173 Usener,
307 4105 382 4161 Gott.
401 4107 503 4161 Nachr.
525 4111 602 4161 1832.
626 4125 653 4175 p.
674 4109 726 4176 47).
764 4106 833 4159 item
856 4105 955 4158 dubito
981 4105 1120 4159 adducere
1142 4104 1246 4158 Phaed.
1267 4105 1333 4157 ΠΒ

165 4179 308 4244 ἑνὲττηκεν
327 4219 333 4232 .
350 4219 356 4231 .
372 4220 378 4232 .
396 4181 430 4232 τὸ
449 4184 508 4232 τῶν
526 4181 638 4231 πολλῶν
656 4179 733 4232 ὅπως
751 4180 787 4243 μὴ
808 4217 858 4231 ...
878 4178 1102 4231 διατκεδάννιιται
1120 4176 1172 4246 (sic
1189 4176 1332 4231 BODE:

166 4249 447 4317 διαεκεδαννῦηταιδ)
462 4250 491 4302 et
506 4249 574 4309 uun
589 4251 706 4302 δεδιέναι
726 4291 732 4302 .
749 4288 777 4301 ..
798 4251 833 4313 μή
854 4287 860 4300 .
877 4288 882 4299 .
899 4290 905 4302 .
925 4250 1144 4301 διαεκεδάννυειν
1163 4247 1214 4316 (sic
1233 4246 1331 4301 codd:

165 4325 268 4373 -ννῦτιν
287 4318 357 4388 Ast).
395 4319 429 4372 cf.
445 4319 659 4385 Kiihuer-Blais,
678 4335 793 4388 gramm.
809 4334 900 4388 graec.
915 4318 941 4371 Π
958 4337 986 4387 p.
1002 4323 1061 4372 191.
